1827 2796
895 124 968 160 DE
1001 122 1202 160 RERVM
1234 122 1466 160 NATVRA
1497 122 1532 157 V

201 228 422 270 deturbavit
451 227 562 278 equis
593 227 631 266 in
662 234 814 275 terram,
846 227 984 276 solque
1013 226 1170 265 cadenti

201 294 342 334 obvius
370 302 570 334 aeternam
602 292 777 344 succepit
806 293 991 343 lampada
1019 293 1157 331 mundi

202 360 468 410 disiectosque
497 359 647 410 redegit
675 371 798 409 equos
828 357 1031 407 iunxitque
1059 357 1273 404 trementis,

201 425 295 465 inde
324 437 439 464 suum
467 437 537 474 per
565 424 636 463 iter
665 422 850 463 recreavit
879 430 1022 461 cuncta
1050 423 1285 472 gubernans,

202 490 349 530 scilicet
378 497 421 529 ut
449 497 599 529 veteres
629 488 792 528 Graium
821 489 1000 527 cecinere
1029 494 1181 537 poetae.
1469 501 1533 532 405

202 557 311 607 quod
341 556 476 606 procul
505 568 528 593 a
556 567 646 594 vera
675 553 791 592 nimis
821 560 880 592 est
908 552 1059 591 ratione
1088 553 1302 603 repulsum.

203 622 301 671 ignis
331 620 436 659 enim
463 632 645 670 superare
674 625 803 669 potest
833 617 901 657 ubi
931 617 1106 656 materiai

202 699 249 725 ex
277 686 431 724 infinito
461 693 552 724 sunt
581 697 744 735 corpora
772 685 883 734 plura
911 691 1046 722 coorta
1060 698 1069 731 3

202 752 295 791 inde
324 752 472 790 cadunt
500 751 600 789 vires
628 749 760 800 aliqua
788 748 938 788 ratione
967 749 1145 794 revictae,

202 824 269 855 aut
299 823 463 867 pereunt
493 829 552 855 res
582 822 742 855 exustae
771 814 1009 853 torrentibus
1039 813 1154 852 auris.
1472 828 1537 859 410

203 895 316 921 umor
345 882 439 921 item
470 882 673 932 quondam
703 880 834 930 coepit
864 892 1046 930 superare
1074 886 1243 926 coortus,

204 955 246 986 ut
275 948 379 986 fama
408 955 477 994 est,
509 947 716 985 hominum
749 947 890 984 multas
920 945 1081 995 quando
1111 944 1241 983 obruit
1271 942 1387 982 urbis.

204 1013 298 1052 inde
328 1012 394 1051 ubi
424 1013 480 1051 vis
509 1013 640 1062 aliqua
670 1011 819 1050 ratione
848 1023 981 1049 aversa
1011 1010 1182 1058 recessit,

204 1092 250 1118 ex
279 1078 433 1116 infinito
463 1079 587 1116 fuerat
617 1089 894 1127 quaecumque
922 1084 1067 1123 coorta,

204 1143 464 1183 constiterunt
493 1142 638 1181 imbres
668 1149 706 1182 et
736 1141 899 1180 flumina
927 1141 1005 1180 vim
1037 1143 1276 1180 minuerunt.
1472 1155 1537 1187 415

251 1247 278 1281 J
289 1247 378 1281 will
391 1258 477 1281 now
493 1246 653 1282 describe
675 1246 736 1280 the
759 1247 923 1280 creatlon
943 1246 988 1291 os
1004 1245 1066 1280 the
1089 1245 1216 1279 world
1236 1244 1317 1279 and
1335 1244 1395 1279 tlze
1418 1255 1540 1278 move-

206 1298 324 1329 ments
348 1294 396 1339 os
410 1293 470 1328 tlte
494 1293 675 1338 heavenly
701 1293 829 1327 bodies.
888 1293 921 1327 T
916 1292 960 1327 lle
984 1294 1149 1328 creatz'on
1174 1293 1219 1338 os
1235 1292 1296 1326 tlte
1319 1292 1443 1326 world
1461 1303 1542 1326 was

205 1343 276 1378 due
292 1345 356 1375 not
372 1345 409 1376 to
426 1342 612 1375 consa-iaus
628 1341 769 1385 deszgrn,
789 1340 854 1374 but
877 1345 912 1374 2³0
935 1340 995 1374 tlte
1017 1341 1150 1374 chance
1173 1340 1340 1374 collision
1363 1339 1408 1384 of
1424 1342 1542 1373 alamir

205 1389 308 1436 after
323 1388 495 1433 repeated
508 1388 774 1422 combinations
792 1387 913 1421 which
932 1387 1075 1433 atfirst
1090 1399 1186 1421 were
1204 1386 1486 1431 unproduclz've.

262 1464 340 1503 Sed
370 1462 514 1513 quibus
544 1462 608 1501 ille
639 1462 768 1502 modis
797 1461 1000 1501 coniectus
1031 1460 1205 1499 materiai

207 1528 379 1569 fundarit
408 1536 549 1567 terram
579 1535 617 1567 et
646 1529 799 1567 caelum
831 1527 1022 1577 pontique
1051 1527 1257 1577 profunda,

207 1594 299 1634 solis
329 1593 435 1632 lunai
465 1605 611 1640 cursus,
642 1607 688 1632 ex
717 1594 855 1631 ordine
885 1605 1043 1643 ponam.

208 1673 299 1698 narn
330 1666 435 1698 certe
464 1671 594 1709 neque
624 1657 789 1697 consilio
818 1657 1031 1708 primordia
1061 1669 1188 1696 rerum

208 1725 346 1764 ordine
375 1737 417 1764 se
446 1737 518 1763 suo
547 1736 729 1774 quaeque
759 1724 886 1773 sagaci
918 1730 1050 1762 mente
1080 1723 1258 1761 locarunt
1479 1738 1543 1770 420

208 1804 282 1830 nec
311 1803 412 1841 quos
442 1802 622 1840 quaeque
653 1789 791 1828 darent
821 1796 951 1827 motus
981 1787 1164 1839 pepigere
1194 1789 1380 1838 profecto,

209 1857 279 1894 sed
309 1855 400 1906 quia
431 1856 553 1894 multa
584 1854 711 1893 modis
742 1855 873 1892 multis
903 1853 1116 1904 primordia
1146 1866 1272 1892 rerum

208 1933 255 1960 ex
284 1919 438 1959 infinito
467 1921 544 1958 iam
574 1926 752 1970 tempore
780 1918 927 1969 percita
955 1918 1077 1969 plagis

210 1985 533 2037 ponderibusque
562 1984 640 2024 suis
670 1992 910 2024 consuerunt
939 1984 1094 2023 concita
1124 1984 1211 2023 ferri

209 2050 530 2100 omnimodisque
560 2050 663 2089 coire
692 2057 811 2099 atque
840 2051 973 2087 omnia
1003 2056 1274 2099 pertemptare,
1481 2065 1520 2096 42
1530 2065 1546 2096 5

211 2129 485 2168 quaecumque
514 2116 613 2155 inter
643 2129 683 2155 se
713 2122 874 2166 possent
902 2128 1111 2165 congressa
1140 2126 1280 2160 creare,

210 2190 416 2234 propterea
447 2182 489 2219 fit
518 2181 574 2219 uti
604 2193 790 2230 magnum
821 2181 976 2230 vulgata
1005 2193 1072 2229 per
1100 2192 1239 2217 aevum

212 2260 330 2286 omne
360 2259 482 2297 genus
512 2253 648 2285 coetus
678 2253 715 2284 et
746 2252 874 2283 motus
904 2245 1146 2295 experiundo

212 2313 373 2351 tandem
404 2311 642 2350 conveniant
672 2323 717 2349 ea
747 2323 848 2360 quae
878 2318 1068 2348 convecta
1099 2316 1260 2360 repente

214 2389 443 2427 magnarum
474 2389 601 2415 rerum
632 2377 731 2414 fiunt
761 2376 919 2414 exordia
950 2387 1076 2425 saepe,
1483 2390 1548 2422 430

213 2443 326 2482 terrai
357 2442 472 2481 maris
502 2450 539 2481 et
568 2442 665 2481 caeli
695 2441 926 2491 generisque
954 2441 1210 2478 animantum.

866 2524 908 2559 27
