<?xml version="1.0" encoding="UTF-8"?>
<!DOCTYPE html PUBLIC "-//W3C//DTD XHTML 1.0 Transitional//EN"
    "http://www.w3.org/TR/xhtml1/DTD/xhtml1-transitional.dtd">
<html xmlns="http://www.w3.org/1999/xhtml" xml:lang="en" lang="en">
 <head>
  <title>
</title>
<meta http-equiv="Content-Type" content="text/html;charset=utf-8" />
  <meta name='ocr-system' content='tesseract 3.04.00' />
  <meta name='ocr-capabilities' content='ocr_page ocr_carea ocr_par ocr_line ocrx_word'/>
</head>
<body>
  <div class='ocr_page' id='page_1' title='image "./dererumnaturasel01lucruoft_0024.png"; bbox 0 0 1827 2796; ppageno 0'>
   <div class='ocr_carea' id='block_1_1' title="bbox 272 120 765 162">
    <p class='ocr_par' dir='ltr' id='par_1_1' title="bbox 272 120 765 162">
     <span class='ocr_line' id='line_1_1' title="bbox 272 120 765 162; baseline -0.002 -3"><span class='ocrx_word' id='word_1_1' title='bbox 272 123 318 159; x_wconf 92' lang='lat' dir='ltr'>T.</span> <span class='ocrx_word' id='word_1_2' title='bbox 352 120 598 162; x_wconf 88' lang='lat' dir='ltr'><strong>LVCRETI</strong></span> <span class='ocrx_word' id='word_1_3' title='bbox 629 120 765 160; x_wconf 87' lang='lat' dir='ltr'><strong>CARI</strong></span> 
     </span>
    </p>
   </div>
   <div class='ocr_carea' id='block_1_2' title="bbox 271 225 1463 2425">
    <p class='ocr_par' dir='ltr' id='par_1_2' title="bbox 273 225 1294 343">
     <span class='ocr_line' id='line_1_2' title="bbox 273 225 1294 276; baseline -0.003 -11"><span class='ocrx_word' id='word_1_4' title='bbox 273 227 365 266; x_wconf 86' lang='lat' dir='ltr'>inde</span> <span class='ocrx_word' id='word_1_5' title='bbox 394 226 508 265; x_wconf 86' lang='lat' dir='ltr'>avide</span> <span class='ocrx_word' id='word_1_6' title='bbox 538 232 687 276; x_wconf 88' lang='lat' dir='ltr'>partem</span> <span class='ocrx_word' id='word_1_7' title='bbox 717 230 872 263; x_wconf 85' lang='lat' dir='ltr'>montes</span> <span class='ocrx_word' id='word_1_8' title='bbox 901 225 1100 274; x_wconf 82' lang='lat' dir='ltr'>silvaeque</span> <span class='ocrx_word' id='word_1_9' title='bbox 1128 225 1294 263; x_wconf 85' lang='lat' dir='ltr'>ferarum</span> 
     </span>
     <span class='ocr_line' id='line_1_3' title="bbox 275 290 1242 343; baseline -0.005 -11"><span class='ocrx_word' id='word_1_10' title='bbox 275 292 497 343; x_wconf 80' lang='lat' dir='ltr'>possedere,</span> <span class='ocrx_word' id='word_1_11' title='bbox 529 297 666 329; x_wconf 92' lang='lat' dir='ltr'>tenent</span> <span class='ocrx_word' id='word_1_12' title='bbox 694 302 810 340; x_wconf 91' lang='lat' dir='ltr'>rupes</span> <span class='ocrx_word' id='word_1_13' title='bbox 839 296 1050 340; x_wconf 83' lang='lat' dir='ltr'>vastaeque</span> <span class='ocrx_word' id='word_1_14' title='bbox 1079 290 1242 340; x_wconf 87' lang='lat' dir='ltr'>paludes</span> 
     </span>
    </p>

    <p class='ocr_par' dir='ltr' id='par_1_3' title="bbox 272 353 1223 406">
     <span class='ocr_line' id='line_1_4' title="bbox 272 353 1223 406; baseline -0.004 -10"><span class='ocrx_word' id='word_1_15' title='bbox 272 365 310 397; x_wconf 90' lang='lat' dir='ltr'>et</span> <span class='ocrx_word' id='word_1_16' title='bbox 340 369 446 395; x_wconf 89' lang='lat' dir='ltr'>mare</span> <span class='ocrx_word' id='word_1_17' title='bbox 475 356 584 406; x_wconf 91' lang='lat' dir='ltr'>quod</span> <span class='ocrx_word' id='word_1_18' title='bbox 613 356 690 394; x_wconf 90' lang='lat' dir='ltr'>late</span> <span class='ocrx_word' id='word_1_19' title='bbox 719 362 905 394; x_wconf 89' lang='lat' dir='ltr'>terrarum</span> <span class='ocrx_word' id='word_1_20' title='bbox 935 353 1095 394; x_wconf 91' lang='lat' dir='ltr'>distinet</span> <span class='ocrx_word' id='word_1_21' title='bbox 1124 367 1223 394; x_wconf 88' lang='lat' dir='ltr'>oras.</span> 
     </span>
    </p>

    <p class='ocr_par' dir='ltr' id='par_1_4' title="bbox 271 419 1278 544">
     <span class='ocr_line' id='line_1_5' title="bbox 273 419 1278 471; baseline -0.002 -10"><span class='ocrx_word' id='word_1_22' title='bbox 273 423 366 461; x_wconf 89' lang='lat' dir='ltr'>inde</span> <span class='ocrx_word' id='word_1_23' title='bbox 395 422 492 460; x_wconf 88' lang='lat' dir='ltr'>duas</span> <span class='ocrx_word' id='word_1_24' title='bbox 521 433 637 471; x_wconf 90' lang='lat' dir='ltr'>porro</span> <span class='ocrx_word' id='word_1_25' title='bbox 667 433 789 471; x_wconf 88' lang='lat' dir='ltr'>prope</span> <span class='ocrx_word' id='word_1_26' title='bbox 818 421 936 470; x_wconf 88' lang='lat' dir='ltr'>partis</span> <span class='ocrx_word' id='word_1_27' title='bbox 965 419 1135 459; x_wconf 86' lang='lat' dir='ltr'>fervidus</span> <span class='ocrx_word' id='word_1_28' title='bbox 1163 420 1278 459; x_wconf 90' lang='lat' dir='ltr'>ardor</span> 
     </span>
     <span class='ocr_line' id='line_1_6' title="bbox 271 485 1201 544; baseline -0.003 -18"><span class='ocrx_word' id='word_1_29' title='bbox 271 486 531 536; x_wconf 87' lang='lat' dir='ltr'>assiduusque</span> <span class='ocrx_word' id='word_1_30' title='bbox 560 485 637 544; x_wconf 60' lang='lat' dir='ltr'>geli</span> <span class='ocrx_word' id='word_1_31' title='bbox 666 499 779 524; x_wconf 87' lang='lat' dir='ltr'>casus</span> <span class='ocrx_word' id='word_1_32' title='bbox 810 485 1038 524; x_wconf 87' lang='lat' dir='ltr'>mortalibus</span> <span class='ocrx_word' id='word_1_33' title='bbox 1067 486 1201 524; x_wconf 85' lang='lat' dir='ltr'>aufert.</span> 
     </span>
    </p>

    <p class='ocr_par' dir='ltr' id='par_1_5' title="bbox 275 549 1277 663">
     <span class='ocr_line' id='line_1_7' title="bbox 275 549 1277 603; baseline -0.003 -12"><span class='ocrx_word' id='word_1_34' title='bbox 275 553 384 603; x_wconf 89' lang='lat' dir='ltr'>quod</span> <span class='ocrx_word' id='word_1_35' title='bbox 413 559 590 602; x_wconf 89' lang='lat' dir='ltr'>superest</span> <span class='ocrx_word' id='word_1_36' title='bbox 619 551 709 598; x_wconf 90' lang='lat' dir='ltr'>arvi,</span> <span class='ocrx_word' id='word_1_37' title='bbox 744 559 877 590; x_wconf 87' lang='lat' dir='ltr'>tamen</span> <span class='ocrx_word' id='word_1_38' title='bbox 906 551 946 590; x_wconf 92' lang='lat' dir='ltr'>id</span> <span class='ocrx_word' id='word_1_39' title='bbox 976 557 1114 589; x_wconf 87' lang='lat' dir='ltr'>natura</span> <span class='ocrx_word' id='word_1_40' title='bbox 1143 563 1212 589; x_wconf 89' lang='lat' dir='ltr'>sua</span> <span class='ocrx_word' id='word_1_41' title='bbox 1241 549 1277 587; x_wconf 74' lang='lat' dir='ltr'>vi</span> 
     </span>
     <span class='ocr_line' id='line_1_8' title="bbox 275 616 1207 663; baseline -0.002 -7"><span class='ocrx_word' id='word_1_42' title='bbox 275 617 451 656; x_wconf 88' lang='lat' dir='ltr'>sentibus</span> <span class='ocrx_word' id='word_1_43' title='bbox 482 617 665 663; x_wconf 88' lang='lat' dir='ltr'>obducat,</span> <span class='ocrx_word' id='word_1_44' title='bbox 699 617 738 654; x_wconf 91' lang='lat' dir='ltr'>ni</span> <span class='ocrx_word' id='word_1_45' title='bbox 768 617 824 654; x_wconf 87' lang='lat' dir='ltr'>vis</span> <span class='ocrx_word' id='word_1_46' title='bbox 854 617 1026 654; x_wconf 88' lang='lat' dir='ltr'>humana</span> <span class='ocrx_word' id='word_1_47' title='bbox 1056 616 1207 655; x_wconf 83' lang='lat' dir='ltr'>resistat</span> 
     </span>
    </p>

    <p class='ocr_par' dir='ltr' id='par_1_6' title="bbox 274 680 1071 720">
     <span class='ocr_line' id='line_1_9' title="bbox 274 680 1071 720; baseline -0.001 -1"><span class='ocrx_word' id='word_1_48' title='bbox 274 681 365 719; x_wconf 83' lang='lat' dir='ltr'>vitai</span> <span class='ocrx_word' id='word_1_49' title='bbox 395 695 513 720; x_wconf 84' lang='lat' dir='ltr'>causa</span> <span class='ocrx_word' id='word_1_50' title='bbox 541 681 671 720; x_wconf 90' lang='lat' dir='ltr'>valido</span> <span class='ocrx_word' id='word_1_51' title='bbox 701 688 890 720; x_wconf 88' lang='lat' dir='ltr'>consueta</span> <span class='ocrx_word' id='word_1_52' title='bbox 920 680 1071 720; x_wconf 87' lang='lat' dir='ltr'>bidenti</span> 
     </span>
    </p>

    <p class='ocr_par' dir='ltr' id='par_1_7' title="bbox 274 744 1379 1056">
     <span class='ocr_line' id='line_1_10' title="bbox 274 744 1332 796; baseline -0.001 -12"><span class='ocrx_word' id='word_1_53' title='bbox 274 746 471 796; x_wconf 85' lang='lat' dir='ltr'>ingemere</span> <span class='ocrx_word' id='word_1_54' title='bbox 502 754 539 785; x_wconf 91' lang='lat' dir='ltr'>et</span> <span class='ocrx_word' id='word_1_55' title='bbox 568 754 706 785; x_wconf 86' lang='lat' dir='ltr'>terram</span> <span class='ocrx_word' id='word_1_56' title='bbox 738 745 879 795; x_wconf 86' lang='lat' dir='ltr'>pressis</span> <span class='ocrx_word' id='word_1_57' title='bbox 907 745 1159 796; x_wconf 86' lang='lat' dir='ltr'>proscindere</span> <span class='ocrx_word' id='word_1_58' title='bbox 1187 744 1332 785; x_wconf 84' lang='lat' dir='ltr'>aratris.</span> 
     </span>
     <span class='ocr_line' id='line_1_11' title="bbox 274 810 1213 861; baseline 0.001 -12"><span class='ocrx_word' id='word_1_59' title='bbox 274 810 306 849; x_wconf 91' lang='lat' dir='ltr'>si</span> <span class='ocrx_word' id='word_1_60' title='bbox 336 824 416 850; x_wconf 92' lang='lat' dir='ltr'>non</span> <span class='ocrx_word' id='word_1_61' title='bbox 447 812 635 850; x_wconf 89' lang='lat' dir='ltr'>fecundas</span> <span class='ocrx_word' id='word_1_62' title='bbox 665 818 859 850; x_wconf 86' lang='lat' dir='ltr'>vertentes</span> <span class='ocrx_word' id='word_1_63' title='bbox 889 823 1047 849; x_wconf 87' lang='lat' dir='ltr'>vomere</span> <span class='ocrx_word' id='word_1_64' title='bbox 1079 811 1213 861; x_wconf 77' lang='lat' dir='ltr'>glebas</span> 
     </span>
     <span class='ocr_line' id='line_1_12' title="bbox 277 875 1267 926; baseline 0.001 -13"><span class='ocrx_word' id='word_1_65' title='bbox 277 876 470 926; x_wconf 86' lang='lat' dir='ltr'>terraique</span> <span class='ocrx_word' id='word_1_66' title='bbox 500 878 627 916; x_wconf 88' lang='lat' dir='ltr'>solum</span> <span class='ocrx_word' id='word_1_67' title='bbox 658 876 885 926; x_wconf 85' lang='lat' dir='ltr'>subigentes</span> <span class='ocrx_word' id='word_1_68' title='bbox 915 875 1040 914; x_wconf 88' lang='lat' dir='ltr'>cimus</span> <span class='ocrx_word' id='word_1_69' title='bbox 1068 877 1119 914; x_wconf 90' lang='lat' dir='ltr'>ad</span> <span class='ocrx_word' id='word_1_70' title='bbox 1149 882 1267 922; x_wconf 88' lang='lat' dir='ltr'>ortus,</span> 
     </span>
     <span class='ocr_line' id='line_1_13' title="bbox 276 941 1379 992; baseline 0 -13"><span class='ocrx_word' id='word_1_71' title='bbox 276 948 417 991; x_wconf 89' lang='lat' dir='ltr'>sponte</span> <span class='ocrx_word' id='word_1_72' title='bbox 447 954 517 980; x_wconf 89' lang='lat' dir='ltr'>sua</span> <span class='ocrx_word' id='word_1_73' title='bbox 547 949 746 992; x_wconf 87' lang='lat' dir='ltr'>nequeant</span> <span class='ocrx_word' id='word_1_74' title='bbox 775 941 945 992; x_wconf 80' lang='lat' dir='ltr'>liquidas</span> <span class='ocrx_word' id='word_1_75' title='bbox 975 941 1158 980; x_wconf 88' lang='lat' dir='ltr'>exsistere</span> <span class='ocrx_word' id='word_1_76' title='bbox 1188 941 1227 978; x_wconf 92' lang='lat' dir='ltr'>in</span> <span class='ocrx_word' id='word_1_77' title='bbox 1257 953 1379 987; x_wconf 81' lang='lat' dir='ltr'>auras,</span> 
     </span>
     <span class='ocr_line' id='line_1_14' title="bbox 277 1005 1247 1056; baseline 0 -12"><span class='ocrx_word' id='word_1_78' title='bbox 277 1014 315 1044; x_wconf 87' lang='lat' dir='ltr'>et</span> <span class='ocrx_word' id='word_1_79' title='bbox 346 1014 477 1045; x_wconf 86' lang='lat' dir='ltr'>tamen</span> <span class='ocrx_word' id='word_1_80' title='bbox 508 1007 704 1046; x_wconf 89' lang='lat' dir='ltr'>interdum</span> <span class='ocrx_word' id='word_1_81' title='bbox 734 1019 878 1056; x_wconf 85' lang='lat' dir='ltr'>magno</span> <span class='ocrx_word' id='word_1_82' title='bbox 908 1006 1085 1056; x_wconf 88' lang='lat' dir='ltr'>quaesita</span> <span class='ocrx_word' id='word_1_83' title='bbox 1113 1005 1247 1044; x_wconf 87' lang='lat' dir='ltr'>labore</span> 
     </span>
    </p>

    <p class='ocr_par' dir='ltr' id='par_1_8' title="bbox 277 1070 1421 1176">
     <span class='ocr_line' id='line_1_15' title="bbox 277 1070 1421 1122; baseline -0.001 -13"><span class='ocrx_word' id='word_1_84' title='bbox 277 1084 366 1110; x_wconf 89' lang='lat' dir='ltr'>cum</span> <span class='ocrx_word' id='word_1_85' title='bbox 398 1072 474 1109; x_wconf 90' lang='lat' dir='ltr'>iam</span> <span class='ocrx_word' id='word_1_86' title='bbox 505 1086 573 1122; x_wconf 86' lang='lat' dir='ltr'>per</span> <span class='ocrx_word' id='word_1_87' title='bbox 601 1080 719 1111; x_wconf 90' lang='lat' dir='ltr'>terras</span> <span class='ocrx_word' id='word_1_88' title='bbox 748 1073 933 1111; x_wconf 90' lang='lat' dir='ltr'>frondent</span> <span class='ocrx_word' id='word_1_89' title='bbox 960 1079 1079 1122; x_wconf 86' lang='lat' dir='ltr'>atque</span> <span class='ocrx_word' id='word_1_90' title='bbox 1109 1070 1242 1109; x_wconf 88' lang='lat' dir='ltr'>omnia</span> <span class='ocrx_word' id='word_1_91' title='bbox 1271 1070 1421 1116; x_wconf 88' lang='lat' dir='ltr'>florent,</span> 
     </span>
     <span class='ocr_line' id='line_1_16' title="bbox 277 1136 1210 1176; baseline -0.001 -1"><span class='ocrx_word' id='word_1_92' title='bbox 277 1145 343 1175; x_wconf 79' lang='lat' dir='ltr'>aut</span> <span class='ocrx_word' id='word_1_93' title='bbox 373 1136 502 1176; x_wconf 89' lang='lat' dir='ltr'>nimiis</span> <span class='ocrx_word' id='word_1_94' title='bbox 533 1145 652 1176; x_wconf 91' lang='lat' dir='ltr'>torret</span> <span class='ocrx_word' id='word_1_95' title='bbox 682 1137 898 1176; x_wconf 84' lang='lat' dir='ltr'>fervoribus</span> <span class='ocrx_word' id='word_1_96' title='bbox 927 1137 1123 1175; x_wconf 89' lang='lat' dir='ltr'>aetherius</span> <span class='ocrx_word' id='word_1_97' title='bbox 1152 1138 1210 1175; x_wconf 92' lang='lat' dir='ltr'>sol</span> 
     </span>
    </p>

    <p class='ocr_par' dir='ltr' id='par_1_9' title="bbox 277 1200 1362 1449">
     <span class='ocr_line' id='line_1_17' title="bbox 277 1200 1362 1253; baseline 0.001 -13"><span class='ocrx_word' id='word_1_98' title='bbox 277 1210 344 1241; x_wconf 75' lang='lat' dir='ltr'>aut</span> <span class='ocrx_word' id='word_1_99' title='bbox 374 1202 493 1241; x_wconf 90' lang='lat' dir='ltr'>subiti</span> <span class='ocrx_word' id='word_1_100' title='bbox 522 1203 720 1253; x_wconf 90' lang='lat' dir='ltr'>perimunt</span> <span class='ocrx_word' id='word_1_101' title='bbox 750 1202 894 1242; x_wconf 90' lang='lat' dir='ltr'>imbres</span> <span class='ocrx_word' id='word_1_102' title='bbox 923 1202 1156 1253; x_wconf 82' lang='lat' dir='ltr'>gelidaeque</span> <span class='ocrx_word' id='word_1_103' title='bbox 1185 1200 1362 1252; x_wconf 83' lang='lat' dir='ltr'>pruinae,</span> 
     </span>
     <span class='ocr_line' id='line_1_18' title="bbox 279 1266 1283 1318; baseline -0.001 -12"><span class='ocrx_word' id='word_1_104' title='bbox 279 1267 479 1318; x_wconf 89' lang='lat' dir='ltr'>flabraque</span> <span class='ocrx_word' id='word_1_105' title='bbox 508 1276 714 1307; x_wconf 78' lang='lat' dir='ltr'>ventorum</span> <span class='ocrx_word' id='word_1_106' title='bbox 744 1268 917 1308; x_wconf 89' lang='lat' dir='ltr'>violento</span> <span class='ocrx_word' id='word_1_107' title='bbox 947 1266 1101 1306; x_wconf 87' lang='lat' dir='ltr'>turbine</span> <span class='ocrx_word' id='word_1_108' title='bbox 1130 1274 1283 1306; x_wconf 85' lang='lat' dir='ltr'>vexant.</span> 
     </span>
     <span class='ocr_line' id='line_1_19' title="bbox 279 1332 1251 1384; baseline -0.003 -12"><span class='ocrx_word' id='word_1_109' title='bbox 279 1340 477 1383; x_wconf 88' lang='lat' dir='ltr'>praeterea</span> <span class='ocrx_word' id='word_1_110' title='bbox 505 1346 629 1384; x_wconf 85' lang='lat' dir='ltr'>genus</span> <span class='ocrx_word' id='word_1_111' title='bbox 659 1334 890 1373; x_wconf 87' lang='lat' dir='ltr'>horriferum</span> <span class='ocrx_word' id='word_1_112' title='bbox 920 1340 1057 1371; x_wconf 82' lang='lat' dir='ltr'>natura</span> <span class='ocrx_word' id='word_1_113' title='bbox 1085 1332 1251 1371; x_wconf 88' lang='lat' dir='ltr'>ferarum</span> 
     </span>
     <span class='ocr_line' id='line_1_20' title="bbox 280 1398 1240 1449; baseline -0.002 -12"><span class='ocrx_word' id='word_1_114' title='bbox 280 1400 476 1437; x_wconf 87' lang='lat' dir='ltr'>humanae</span> <span class='ocrx_word' id='word_1_115' title='bbox 504 1398 611 1449; x_wconf 85' lang='lat' dir='ltr'>genti</span> <span class='ocrx_word' id='word_1_116' title='bbox 640 1398 826 1438; x_wconf 89' lang='lat' dir='ltr'>infestum</span> <span class='ocrx_word' id='word_1_117' title='bbox 855 1405 1034 1448; x_wconf 89' lang='lat' dir='ltr'>terraque</span> <span class='ocrx_word' id='word_1_118' title='bbox 1065 1398 1240 1447; x_wconf 87' lang='lat' dir='ltr'>marique</span> 
     </span>
    </p>

    <p class='ocr_par' dir='ltr' id='par_1_10' title="bbox 279 1462 1392 1580">
     <span class='ocr_line' id='line_1_21' title="bbox 281 1462 1392 1514; baseline -0.001 -12"><span class='ocrx_word' id='word_1_119' title='bbox 281 1477 348 1502; x_wconf 89' lang='lat' dir='ltr'>cur</span> <span class='ocrx_word' id='word_1_120' title='bbox 377 1463 444 1502; x_wconf 89' lang='lat' dir='ltr'>alit</span> <span class='ocrx_word' id='word_1_121' title='bbox 473 1471 592 1514; x_wconf 88' lang='lat' dir='ltr'>atque</span> <span class='ocrx_word' id='word_1_122' title='bbox 621 1465 769 1514; x_wconf 84' lang='lat' dir='ltr'>auget?</span> <span class='ocrx_word' id='word_1_123' title='bbox 807 1476 875 1502; x_wconf 90' lang='lat' dir='ltr'>cur</span> <span class='ocrx_word' id='word_1_124' title='bbox 904 1463 997 1502; x_wconf 86' lang='lat' dir='ltr'>anni</span> <span class='ocrx_word' id='word_1_125' title='bbox 1025 1470 1202 1513; x_wconf 90' lang='lat' dir='ltr'>tempora</span> <span class='ocrx_word' id='word_1_126' title='bbox 1233 1462 1392 1501; x_wconf 91' lang='lat' dir='ltr'>morbos</span> 
     </span>
     <span class='ocr_line' id='line_1_22' title="bbox 279 1529 1263 1580; baseline -0.002 -12"><span class='ocrx_word' id='word_1_127' title='bbox 279 1531 517 1580; x_wconf 85' lang='lat' dir='ltr'>apportant?</span> <span class='ocrx_word' id='word_1_128' title='bbox 555 1542 675 1579; x_wconf 85' lang='lat' dir='ltr'>quare</span> <span class='ocrx_word' id='word_1_129' title='bbox 705 1542 808 1568; x_wconf 88' lang='lat' dir='ltr'>mors</span> <span class='ocrx_word' id='word_1_130' title='bbox 838 1530 1046 1567; x_wconf 88' lang='lat' dir='ltr'>immatura</span> <span class='ocrx_word' id='word_1_131' title='bbox 1076 1529 1263 1578; x_wconf 86' lang='lat' dir='ltr'>vagatur?</span> 
     </span>
    </p>

    <p class='ocr_par' dir='ltr' id='par_1_11' title="bbox 281 1592 1363 1960">
     <span class='ocr_line' id='line_1_23' title="bbox 282 1592 1327 1645; baseline -0.003 -12"><span class='ocrx_word' id='word_1_132' title='bbox 282 1602 365 1633; x_wconf 90' lang='lat' dir='ltr'>tum</span> <span class='ocrx_word' id='word_1_133' title='bbox 396 1607 511 1645; x_wconf 92' lang='lat' dir='ltr'>porro</span> <span class='ocrx_word' id='word_1_134' title='bbox 541 1608 647 1645; x_wconf 88' lang='lat' dir='ltr'>puer,</span> <span class='ocrx_word' id='word_1_135' title='bbox 680 1602 721 1632; x_wconf 88' lang='lat' dir='ltr'>ut</span> <span class='ocrx_word' id='word_1_136' title='bbox 751 1593 875 1633; x_wconf 87' lang='lat' dir='ltr'>saevis</span> <span class='ocrx_word' id='word_1_137' title='bbox 905 1594 1101 1644; x_wconf 87' lang='lat' dir='ltr'>proiectus</span> <span class='ocrx_word' id='word_1_138' title='bbox 1129 1592 1180 1631; x_wconf 88' lang='lat' dir='ltr'>ab</span> <span class='ocrx_word' id='word_1_139' title='bbox 1210 1593 1327 1631; x_wconf 89' lang='lat' dir='ltr'>undis</span> 
     </span>
     <span class='ocr_line' id='line_1_24' title="bbox 282 1656 1363 1708; baseline -0.002 -10"><span class='ocrx_word' id='word_1_140' title='bbox 282 1661 422 1707; x_wconf 85' lang='lat' dir='ltr'>navita,</span> <span class='ocrx_word' id='word_1_141' title='bbox 455 1660 584 1699; x_wconf 87' lang='lat' dir='ltr'>nudus</span> <span class='ocrx_word' id='word_1_142' title='bbox 615 1660 724 1698; x_wconf 88' lang='lat' dir='ltr'>humi</span> <span class='ocrx_word' id='word_1_143' title='bbox 754 1660 865 1706; x_wconf 91' lang='lat' dir='ltr'>iacet,</span> <span class='ocrx_word' id='word_1_144' title='bbox 897 1658 1037 1706; x_wconf 89' lang='lat' dir='ltr'>infans,</span> <span class='ocrx_word' id='word_1_145' title='bbox 1069 1657 1225 1708; x_wconf 87' lang='lat' dir='ltr'>indigus</span> <span class='ocrx_word' id='word_1_146' title='bbox 1254 1656 1363 1696; x_wconf 93' lang='lat' dir='ltr'>omni</span> 
     </span>
     <span class='ocr_line' id='line_1_25' title="bbox 281 1722 1269 1774; baseline -0.004 -10"><span class='ocrx_word' id='word_1_147' title='bbox 281 1725 387 1764; x_wconf 90' lang='lat' dir='ltr'>vitali</span> <span class='ocrx_word' id='word_1_148' title='bbox 416 1724 571 1771; x_wconf 81' lang='lat' dir='ltr'>auxilio,</span> <span class='ocrx_word' id='word_1_149' title='bbox 605 1737 696 1763; x_wconf 91' lang='lat' dir='ltr'>cum</span> <span class='ocrx_word' id='word_1_150' title='bbox 727 1723 895 1774; x_wconf 89' lang='lat' dir='ltr'>primum</span> <span class='ocrx_word' id='word_1_151' title='bbox 926 1723 964 1761; x_wconf 91' lang='lat' dir='ltr'>in</span> <span class='ocrx_word' id='word_1_152' title='bbox 995 1722 1153 1761; x_wconf 88' lang='lat' dir='ltr'>luminis</span> <span class='ocrx_word' id='word_1_153' title='bbox 1182 1736 1269 1761; x_wconf 89' lang='lat' dir='ltr'>oras</span> 
     </span>
     <span class='ocr_line' id='line_1_26' title="bbox 282 1788 1172 1839; baseline -0.001 -11"><span class='ocrx_word' id='word_1_154' title='bbox 282 1790 436 1830; x_wconf 81' lang='lat' dir='ltr'>nixibus</span> <span class='ocrx_word' id='word_1_155' title='bbox 467 1804 513 1829; x_wconf 87' lang='lat' dir='ltr'>ex</span> <span class='ocrx_word' id='word_1_156' title='bbox 542 1791 630 1829; x_wconf 88' lang='lat' dir='ltr'>alvo</span> <span class='ocrx_word' id='word_1_157' title='bbox 661 1788 792 1828; x_wconf 83' lang='lat' dir='ltr'>matris</span> <span class='ocrx_word' id='word_1_158' title='bbox 823 1796 960 1828; x_wconf 87' lang='lat' dir='ltr'>natura</span> <span class='ocrx_word' id='word_1_159' title='bbox 988 1788 1172 1839; x_wconf 87' lang='lat' dir='ltr'>profudit,</span> 
     </span>
     <span class='ocr_line' id='line_1_27' title="bbox 282 1854 1363 1906; baseline -0.003 -12"><span class='ocrx_word' id='word_1_160' title='bbox 282 1855 492 1906; x_wconf 79' lang='lat' dir='ltr'>vagituque</span> <span class='ocrx_word' id='word_1_161' title='bbox 522 1856 654 1894; x_wconf 91' lang='lat' dir='ltr'>locum</span> <span class='ocrx_word' id='word_1_162' title='bbox 684 1854 839 1906; x_wconf 85' lang='lat' dir='ltr'>lugubri</span> <span class='ocrx_word' id='word_1_163' title='bbox 869 1854 1052 1904; x_wconf 79' lang='lat' dir='ltr'>complet,</span> <span class='ocrx_word' id='word_1_164' title='bbox 1085 1861 1126 1891; x_wconf 92' lang='lat' dir='ltr'>ut</span> <span class='ocrx_word' id='word_1_165' title='bbox 1155 1861 1363 1903; x_wconf 86' lang='lat' dir='ltr'>aequumst</span> 
     </span>
     <span class='ocr_line' id='line_1_28' title="bbox 285 1919 1286 1960; baseline -0.004 0"><span class='ocrx_word' id='word_1_166' title='bbox 285 1921 346 1960; x_wconf 91' lang='lat' dir='ltr'>cui</span> <span class='ocrx_word' id='word_1_167' title='bbox 377 1929 529 1960; x_wconf 87' lang='lat' dir='ltr'>tantum</span> <span class='ocrx_word' id='word_1_168' title='bbox 561 1920 600 1958; x_wconf 86' lang='lat' dir='ltr'>in</span> <span class='ocrx_word' id='word_1_169' title='bbox 631 1920 709 1959; x_wconf 85' lang='lat' dir='ltr'>vita</span> <span class='ocrx_word' id='word_1_170' title='bbox 738 1926 855 1959; x_wconf 89' lang='lat' dir='ltr'>restet</span> <span class='ocrx_word' id='word_1_171' title='bbox 886 1920 1047 1958; x_wconf 89' lang='lat' dir='ltr'>transire</span> <span class='ocrx_word' id='word_1_172' title='bbox 1082 1919 1286 1957; x_wconf 84' lang='lat' dir='ltr'>malorum.</span> 
     </span>
    </p>

    <p class='ocr_par' dir='ltr' id='par_1_12' title="bbox 282 1981 1463 2425">
     <span class='ocr_line' id='line_1_29' title="bbox 282 1981 1303 2033; baseline -0.003 -11"><span class='ocrx_word' id='word_1_173' title='bbox 282 1992 321 2022; x_wconf 85' lang='lat' dir='ltr'>at</span> <span class='ocrx_word' id='word_1_174' title='bbox 350 1984 477 2022; x_wconf 86' lang='lat' dir='ltr'>variae</span> <span class='ocrx_word' id='word_1_175' title='bbox 507 1990 686 2021; x_wconf 90' lang='lat' dir='ltr'>crescunt</span> <span class='ocrx_word' id='word_1_176' title='bbox 715 1983 888 2033; x_wconf 89' lang='lat' dir='ltr'>pecudes</span> <span class='ocrx_word' id='word_1_177' title='bbox 917 1988 1093 2021; x_wconf 86' lang='lat' dir='ltr'>armenta</span> <span class='ocrx_word' id='word_1_178' title='bbox 1122 1981 1303 2031; x_wconf 87' lang='lat' dir='ltr'>feraeque</span> 
     </span>
     <span class='ocr_line' id='line_1_30' title="bbox 285 2045 1463 2098; baseline -0.003 -11"><span class='ocrx_word' id='word_1_179' title='bbox 285 2062 358 2087; x_wconf 91' lang='lat' dir='ltr'>nec</span> <span class='ocrx_word' id='word_1_180' title='bbox 388 2047 636 2098; x_wconf 85' lang='lat' dir='ltr'>crepitacillis</span> <span class='ocrx_word' id='word_1_181' title='bbox 667 2061 765 2098; x_wconf 89' lang='lat' dir='ltr'>opus</span> <span class='ocrx_word' id='word_1_182' title='bbox 795 2055 853 2086; x_wconf 88' lang='lat' dir='ltr'>est</span> <span class='ocrx_word' id='word_1_183' title='bbox 883 2060 956 2085; x_wconf 91' lang='lat' dir='ltr'>nec</span> <span class='ocrx_word' id='word_1_184' title='bbox 985 2046 1170 2097; x_wconf 90' lang='lat' dir='ltr'>cuiquam</span> <span class='ocrx_word' id='word_1_185' title='bbox 1199 2045 1463 2085; x_wconf 84' lang='lat' dir='ltr'>adhibendast</span> 
     </span>
     <span class='ocr_line' id='line_1_31' title="bbox 286 2111 1303 2162; baseline -0.003 -10"><span class='ocrx_word' id='word_1_186' title='bbox 286 2115 413 2152; x_wconf 87' lang='lat' dir='ltr'>almae</span> <span class='ocrx_word' id='word_1_187' title='bbox 443 2112 603 2152; x_wconf 88' lang='lat' dir='ltr'>nutricis</span> <span class='ocrx_word' id='word_1_188' title='bbox 632 2113 778 2151; x_wconf 86' lang='lat' dir='ltr'>blanda</span> <span class='ocrx_word' id='word_1_189' title='bbox 806 2120 925 2162; x_wconf 89' lang='lat' dir='ltr'>atque</span> <span class='ocrx_word' id='word_1_190' title='bbox 954 2111 1117 2150; x_wconf 88' lang='lat' dir='ltr'>infracta</span> <span class='ocrx_word' id='word_1_191' title='bbox 1145 2112 1303 2161; x_wconf 87' lang='lat' dir='ltr'>loquela</span> 
     </span>
     <span class='ocr_line' id='line_1_32' title="bbox 286 2175 1324 2228; baseline -0.002 -12"><span class='ocrx_word' id='word_1_192' title='bbox 286 2191 360 2217; x_wconf 92' lang='lat' dir='ltr'>nec</span> <span class='ocrx_word' id='word_1_193' title='bbox 389 2179 511 2216; x_wconf 85' lang='lat' dir='ltr'>varias</span> <span class='ocrx_word' id='word_1_194' title='bbox 542 2185 734 2228; x_wconf 89' lang='lat' dir='ltr'>quaerunt</span> <span class='ocrx_word' id='word_1_195' title='bbox 763 2176 880 2216; x_wconf 88' lang='lat' dir='ltr'>vestis</span> <span class='ocrx_word' id='word_1_196' title='bbox 909 2189 980 2227; x_wconf 92' lang='lat' dir='ltr'>pro</span> <span class='ocrx_word' id='word_1_197' title='bbox 1009 2184 1187 2227; x_wconf 90' lang='lat' dir='ltr'>ternpore</span> <span class='ocrx_word' id='word_1_198' title='bbox 1215 2175 1324 2223; x_wconf 87' lang='lat' dir='ltr'>caeli,</span> 
     </span>
     <span class='ocr_line' id='line_1_33' title="bbox 287 2241 1420 2294; baseline -0.003 -12"><span class='ocrx_word' id='word_1_199' title='bbox 287 2243 461 2294; x_wconf 88' lang='lat' dir='ltr'>denique</span> <span class='ocrx_word' id='word_1_200' title='bbox 490 2256 572 2282; x_wconf 89' lang='lat' dir='ltr'>non</span> <span class='ocrx_word' id='word_1_201' title='bbox 600 2243 716 2282; x_wconf 89' lang='lat' dir='ltr'>armis</span> <span class='ocrx_word' id='word_1_202' title='bbox 745 2255 844 2294; x_wconf 87' lang='lat' dir='ltr'>opus</span> <span class='ocrx_word' id='word_1_203' title='bbox 874 2250 942 2290; x_wconf 86' lang='lat' dir='ltr'>est,</span> <span class='ocrx_word' id='word_1_204' title='bbox 975 2255 1056 2282; x_wconf 93' lang='lat' dir='ltr'>non</span> <span class='ocrx_word' id='word_1_205' title='bbox 1086 2241 1294 2281; x_wconf 85' lang='lat' dir='ltr'>moenibus</span> <span class='ocrx_word' id='word_1_206' title='bbox 1322 2241 1420 2288; x_wconf 90' lang='lat' dir='ltr'>altis,</span> 
     </span>
     <span class='ocr_line' id='line_1_34' title="bbox 286 2305 1386 2359; baseline -0.003 -13"><span class='ocrx_word' id='word_1_207' title='bbox 286 2307 373 2359; x_wconf 87' lang='lat' dir='ltr'>quis</span> <span class='ocrx_word' id='word_1_208' title='bbox 403 2322 472 2347; x_wconf 91' lang='lat' dir='ltr'>sua</span> <span class='ocrx_word' id='word_1_209' title='bbox 501 2315 685 2356; x_wconf 87' lang='lat' dir='ltr'>tutentur,</span> <span class='ocrx_word' id='word_1_210' title='bbox 717 2309 877 2358; x_wconf 87' lang='lat' dir='ltr'>quando</span> <span class='ocrx_word' id='word_1_211' title='bbox 906 2308 1092 2347; x_wconf 87' lang='lat' dir='ltr'>omnibus</span> <span class='ocrx_word' id='word_1_212' title='bbox 1121 2305 1254 2346; x_wconf 89' lang='lat' dir='ltr'>omnia</span> <span class='ocrx_word' id='word_1_213' title='bbox 1283 2307 1386 2355; x_wconf 82' lang='lat' dir='ltr'>large</span> 
     </span>
     <span class='ocr_line' id='line_1_35' title="bbox 288 2373 1250 2425; baseline -0.003 -12"><span class='ocrx_word' id='word_1_214' title='bbox 288 2374 402 2413; x_wconf 84' lang='lat' dir='ltr'>tellus</span> <span class='ocrx_word' id='word_1_215' title='bbox 433 2373 516 2424; x_wconf 90' lang='lat' dir='ltr'>ipsa</span> <span class='ocrx_word' id='word_1_216' title='bbox 545 2373 644 2424; x_wconf 91' lang='lat' dir='ltr'>parit</span> <span class='ocrx_word' id='word_1_217' title='bbox 674 2381 889 2425; x_wconf 88' lang='lat' dir='ltr'>naturaque</span> <span class='ocrx_word' id='word_1_218' title='bbox 918 2374 1084 2413; x_wconf 86' lang='lat' dir='ltr'>daedala</span> <span class='ocrx_word' id='word_1_219' title='bbox 1113 2385 1250 2412; x_wconf 91' lang='lat' dir='ltr'>rerum.</span> 
     </span>
    </p>
   </div>
   <div class='ocr_carea' id='block_1_3' title="bbox 919 2512 966 2537">
    <p class='ocr_par' dir='ltr' id='par_1_13' title="bbox 919 2512 966 2537">
     <span class='ocr_line' id='line_1_36' title="bbox 919 2512 966 2537; baseline 0.021 -1"><span class='ocrx_word' id='word_1_220' title='bbox 919 2512 966 2537; x_wconf 83' lang='lat'>20</span> 
     </span>
    </p>
   </div>
   <div class='ocr_carea' id='block_1_4' title="bbox 1537 498 1598 530">
    <p class='ocr_par' dir='ltr' id='par_1_14' title="bbox 1537 498 1598 530">
     <span class='ocr_line' id='line_1_37' title="bbox 1537 498 1598 530; baseline 0.016 -10"><span class='ocrx_word' id='word_1_221' title='bbox 1537 498 1598 530; x_wconf 83' lang='lat'>²05</span> 
     </span>
    </p>
   </div>
   <div class='ocr_carea' id='block_1_5' title="bbox 1543 823 1603 845">
    <p class='ocr_par' dir='ltr' id='par_1_15' title="bbox 1543 823 1603 845">
     <span class='ocr_line' id='line_1_38' title="bbox 1543 823 1603 845; baseline -0.017 0"><span class='ocrx_word' id='word_1_222' title='bbox 1543 823 1603 845; x_wconf 84' lang='lat'>210</span> 
     </span>
    </p>
   </div>
   <div class='ocr_carea' id='block_1_6' title="bbox 1544 1150 1604 1183">
    <p class='ocr_par' dir='ltr' id='par_1_16' title="bbox 1544 1150 1604 1183">
     <span class='ocr_line' id='line_1_39' title="bbox 1544 1150 1604 1183; baseline 0 -11"><span class='ocrx_word' id='word_1_223' title='bbox 1544 1150 1604 1183; x_wconf 84' lang='lat'>215</span> 
     </span>
    </p>
   </div>
   <div class='ocr_carea' id='block_1_7' title="bbox 1544 1476 1608 1499">
    <p class='ocr_par' dir='ltr' id='par_1_17' title="bbox 1544 1476 1608 1499">
     <span class='ocr_line' id='line_1_40' title="bbox 1544 1476 1608 1499; baseline -0.016 0"><span class='ocrx_word' id='word_1_224' title='bbox 1544 1476 1608 1499; x_wconf 78' lang='lat'>220</span> 
     </span>
    </p>
   </div>
   <div class='ocr_carea' id='block_1_8' title="bbox 1545 1803 1608 1835">
    <p class='ocr_par' dir='ltr' id='par_1_18' title="bbox 1545 1803 1608 1835">
     <span class='ocr_line' id='line_1_41' title="bbox 1545 1803 1608 1835; baseline 0.016 -10"><span class='ocrx_word' id='word_1_225' title='bbox 1545 1803 1608 1835; x_wconf 82' lang='lat'>225</span> 
     </span>
    </p>
   </div>
   <div class='ocr_carea' id='block_1_9' title="bbox 1549 2126 1611 2158">
    <p class='ocr_par' dir='ltr' id='par_1_19' title="bbox 1549 2126 1611 2158">
     <span class='ocr_line' id='line_1_42' title="bbox 1549 2126 1611 2158; baseline -0.016 -9"><span class='ocrx_word' id='word_1_226' title='bbox 1549 2126 1611 2158; x_wconf 83' lang='lat'>230</span> 
     </span>
    </p>
   </div>
  </div>
 </body>
</html>
