1827 2796
312 114 360 152 T.
391 115 638 155 LVCRETI
669 115 805 157 CARI

310 227 514 271 propterea
544 235 623 260 non
653 229 711 260 est
741 222 848 260 oneri
879 234 1009 271 neque
1039 221 1222 272 deprimit
1251 235 1392 271 aura53

311 293 352 324 ut
382 300 452 325 sua
480 287 623 337 cuique
653 287 804 324 homini
834 287 942 325 nullo
973 294 1063 325 sunt
1093 288 1268 338 pondere
1298 288 1475 328 membra
1578 304 1642 336 540

310 363 383 390 nec
412 359 530 402 caput
560 358 617 390 est
646 352 755 390 oneri
785 352 888 390 collo
918 365 990 390 nec
1020 352 1193 402 denique
1223 359 1348 392 totum

309 416 481 467 corporis
511 418 550 455 in
580 416 748 467 pedibus
778 417 934 467 pondus
964 417 1154 456 sentimus
1184 419 1339 458 inesse:

308 489 347 520 at
377 495 651 533 quaecumque
681 483 772 522 foris
802 483 964 522 veniunt
994 482 1242 534 impostaque
1272 483 1386 522 nobis

309 549 484 597 pondera
514 556 603 587 sunt
634 549 805 595 laedunt,
838 550 1032 599 permulto
1063 561 1179 599 saepe
1210 548 1370 587 minora.

308 626 432 663 usque
461 615 562 653 adeo
593 613 722 664 magni
754 615 866 653 refert
896 613 991 664 quid
1022 627 1203 664 quaeque
1233 622 1351 664 queat
1381 626 1449 653 res.
1576 630 1638 662 545

307 677 361 716 sic
392 677 505 728 igitur
535 680 648 718 tellus
679 691 759 718 non
790 687 847 718 est
876 680 1003 718 aliena
1034 687 1192 729 repente

306 743 422 781 allata
450 751 569 794 atque
597 743 699 782 auris
729 744 888 783 aliunde
918 744 1073 783 obiecta
1102 743 1250 791 alienis,

306 808 376 846 sed
406 807 546 858 pariter
576 809 700 859 prima
729 817 922 859 concepta
951 809 1000 847 ab
1030 809 1178 860 origine
1208 809 1345 849 mundi

305 880 489 924 certaque
518 887 606 924 pars
636 873 729 921 eius,
762 875 872 924 quasi
903 873 1018 913 nobis
1049 875 1236 922 membra,
1268 874 1430 914 videtur.

305 946 503 987 praeterea
531 938 667 989 grandi
698 939 843 978 tonitru
873 951 1067 978 concussa
1097 946 1257 990 repente
1574 957 1640 988 550

305 1010 402 1042 terra
433 1017 547 1055 supra
577 1017 679 1055 quae
709 1017 750 1043 se
779 1013 868 1043 sunt
899 1005 1075 1043 concutit
1105 1004 1239 1043 omnia
1270 1010 1403 1052 niotu3

304 1070 412 1119 quod
442 1070 569 1108 facere
599 1071 705 1109 haud
735 1071 813 1109 ulla
843 1077 975 1120 posset
1005 1069 1164 1116 ratione,
1199 1069 1271 1108 nisi
1302 1077 1404 1108 esset

302 1133 477 1184 partibus
506 1134 618 1174 aeriis
649 1136 785 1174 mundi
816 1136 1005 1186 caeloque
1035 1135 1217 1174 revincta.

302 1212 394 1237 nam
424 1200 703 1239 communibus
734 1200 832 1239 inter
862 1213 903 1239 se
932 1201 1128 1240 radicibus
1159 1201 1320 1239 haerent

303 1278 349 1303 ex
378 1264 538 1305 ineunte
567 1279 664 1305 aevo
694 1265 905 1305 coniuncta
934 1273 1052 1316 atque
1082 1264 1209 1304 uniter
1237 1272 1339 1316 apta.
1571 1281 1633 1314 555

301 1344 435 1370 nonne
465 1331 573 1371 vides
604 1331 719 1370 etiam
750 1344 868 1381 quam
900 1344 1043 1381 magno
1074 1331 1249 1381 pondere
1277 1329 1391 1369 nobis

302 1397 490 1435 sustineat
520 1409 661 1447 corpus
690 1396 919 1435 tenuissima
948 1395 1005 1434 vis
1034 1395 1180 1434 animai

300 1468 506 1513 propterea
535 1461 628 1512 quia
657 1468 737 1500 tam
767 1460 980 1500 coniuncta
1008 1467 1127 1511 atque
1157 1460 1284 1500 uniter
1312 1467 1404 1511 apta
1432 1461 1523 1499 est?

299 1526 472 1577 denique
501 1527 578 1565 iarn
609 1528 709 1566 saltu
739 1526 887 1577 pernici
916 1528 1052 1566 tollere
1081 1539 1223 1577 corpus

300 1593 396 1643 quid
420 1591 522 1643 potis
546 1599 605 1631 est
629 1592 703 1630 nisi
732 1593 789 1630 vis
813 1591 967 1631 animae
991 1605 1093 1642 quae
1117 1591 1295 1630 membra
1316 1590 1538 1641 gubernat?
1567 1597 1633 1639 560

300 1656 430 1696 iamne
460 1657 568 1697 vides
598 1664 789 1708 quantum
820 1656 948 1696 tenuis
978 1664 1116 1695 natura
1145 1658 1272 1696 valere

300 1722 432 1772 possit,
465 1722 533 1761 ubi
562 1730 620 1762 est
650 1721 862 1762 coniuncta
890 1721 994 1773 gravi
1024 1734 1114 1760 cum
1145 1734 1318 1772 corpore,
1351 1728 1393 1760 ut
1421 1734 1486 1762 aer

299 1786 531 1827 coniunctus
561 1787 670 1827 terris
700 1795 737 1826 et
767 1788 882 1827 nobis
911 1795 969 1827 est
998 1788 1118 1826 animi
1149 1787 1237 1826 vis?

352 1904 425 1938 lee
440 1915 512 1938 sun
530 1904 609 1938 and
623 1914 729 1938 moon
747 1903 828 1938 (md
844 1906 945 1937 stars
970 1913 1034 1936 are
1054 1902 1111 1936 all
1129 1902 1247 1946 really
1264 1903 1308 1947 (ff
1324 1902 1435 1938 about
1452 1902 1514 1938 tlte
1529 1915 1629 1939 same

297 1952 371 1986 size
393 1963 436 1985 as
457 1951 541 1996 tltey
564 1953 704 1996 appear
726 1954 762 1984 to
785 1962 829 1984 us
853 1953 890 1984 to
915 1949 953 1983 be
968 1962 979 1982 .·
1010 1950 1089 1983 and
1109 1949 1278 1984 whether
1297 1949 1384 1995 tlzey
1406 1949 1512 1985 slline
1535 1950 1629 1985 willa

297 1998 396 2033 their
418 2009 502 2033 own
526 2009 571 2032 or
592 1998 783 2032 horrowed
803 1996 900 2042 lzglzt
922 1998 1005 2031 does
1029 2000 1093 2030 not
1117 1997 1227 2041 affi’ct
1247 1996 1307 2031 tlte
1328 1999 1505 2042 question.
1565 1998 1630 2032 We

296 2057 364 2079 can
389 2046 428 2080 be
449 2056 535 2079 sure
560 2045 602 2091 of
621 2045 708 2088 this,
723 2045 795 2090 sor
810 2045 908 2089 fires
936 2055 982 2078 on
1003 2043 1109 2078 earlh
1135 2045 1180 2078 do
1205 2048 1270 2079 not
1295 2046 1436 2089 appear
1460 2048 1497 2079 to
1515 2056 1630 2090 grew

297 2093 405 2128 much
422 2093 577 2127 smaller
591 2091 731 2138 though
750 2103 805 2126 we
815 2095 882 2137 get
884 2091 1046 2136 further
1060 2102 1171 2136 away
1174 2092 1282 2136 from
1300 2092 1408 2126 them.

350 2174 436 2211 Nec
465 2172 588 2211 nimio
618 2174 709 2211 solis
738 2171 862 2210 maior
890 2178 974 2210 rota
1003 2183 1076 2210 nec
1106 2171 1234 2210 minor
1262 2173 1377 2211 ardor

296 2250 380 2276 esse
410 2245 549 2288 potest,
582 2239 723 2277 nostris
754 2250 872 2288 quam
904 2236 1083 2276 sensibus
1114 2250 1199 2276 esse
1228 2236 1393 2277 videtur.
1561 2244 1624 2288 565

295 2315 386 2341 nam
416 2301 559 2352 quibus
589 2316 610 2341 e
640 2301 773 2352 spatiis
803 2314 974 2352 cumque
1003 2301 1112 2352 ignes
1142 2300 1291 2340 lumina
1319 2309 1485 2352 possunt

294 2366 448 2407 adicere
477 2375 515 2406 et
545 2367 716 2406 calidum
747 2368 932 2407 membris
961 2368 1106 2407 adflare
1136 2380 1331 2417 vaporem,

294 2432 348 2471 nil
378 2432 442 2471 illa
471 2432 531 2471 his
561 2432 769 2471 intervallis
800 2434 850 2472 de
879 2445 1043 2483 corpore
1073 2431 1195 2471 libant

931 2515 976 2551 32
