1827 2796
923 146 997 183 DE
1028 145 1231 183 RERVM
1263 145 1493 183 NATVRA
1523 146 1559 182 V

223 249 409 299 paulatim
441 250 563 288 solem
594 262 684 287 cum
714 247 986 299 posterioribu'
1017 247 1146 298 signis,

223 313 380 353 inferior
411 315 535 352 multo
565 314 674 364 quod
704 314 752 352 sit
782 326 901 363 quam
933 312 1080 352 fervida
1109 312 1228 364 signa.

222 385 261 417 et
290 378 413 429 magis
442 380 519 418 hoc
548 379 706 417 lunam:
746 385 896 429 quanto
925 376 1132 417 demissior
1161 377 1244 416 eius

223 456 358 482 cursus
387 442 499 483 abest
528 444 664 495 procul
693 457 715 482 a
744 444 855 482 eaelo
885 442 1075 492 terrisque
1104 443 1354 493 propinquat,
1494 450 1559 490 630

223 516 331 548 tanto
360 522 476 560 posse
506 509 635 548 minus
665 522 756 547 cum
786 507 905 558 signis
935 509 1098 546 tendere
1127 521 1295 546 cursum.

223 574 444 613 flaccidiore
466 575 611 614 etenim
634 581 784 624 quanto
804 574 881 612 iarn
903 573 1060 612 turbine
1081 573 1199 611 fertur

223 641 379 679 inferior
409 652 527 690 quam
558 640 627 686 sol,
660 646 770 678 tanto
800 638 922 689 magis
953 639 1087 677 omnia
1116 637 1226 688 signa

222 705 324 743 hanc
352 704 623 755 adipiscuntur
652 705 799 743 circum
828 711 1060 755 praeterque
1089 704 1273 742 feruntur.

221 777 426 820 propterea
456 770 497 808 fit
529 777 570 807 ut
599 770 697 808 haec
727 770 778 808 ad
808 769 962 819 signum
994 770 1183 819 quodque
1213 768 1351 808 reverti
1494 775 1556 816 655

221 835 407 874 mobilius
437 836 623 882 videatur,
656 835 705 874 ad
736 836 838 873 hanc
868 834 959 884 quia
990 835 1098 884 signa
1128 833 1312 873 revisunt.

223 902 265 939 fit
294 912 454 951 quoque
482 907 525 938 ut
554 913 576 938 e
605 899 744 938 mundi
775 899 1000 938 transversis
1031 899 1206 949 partibus
1234 913 1299 938 aer

220 964 378 1004 alternis
408 972 514 1004 certo
545 966 665 1004 fluere
694 966 790 1003 alter
818 972 995 1014 tempore
1025 964 1159 1014 possit,

221 1030 288 1081 qui
318 1037 435 1080 queat
464 1029 619 1069 aestivis
650 1030 773 1068 solem
803 1030 1012 1069 detrudere
1042 1029 1161 1080 signis

221 1095 407 1135 brumalis
437 1108 562 1145 usque
591 1095 642 1134 ad
672 1096 793 1133 flexus
822 1094 1077 1144 gelidumque
1107 1094 1287 1144 rigorem,
1493 1099 1559 1141 640

222 1169 259 1200 et
289 1160 356 1211 qui
386 1159 517 1198 reiciat
547 1159 685 1210 gelidis
714 1173 737 1197 a
766 1159 916 1209 frigoris
947 1160 1096 1198 umbris

220 1226 416 1264 aestiferas
446 1238 571 1275 usque
601 1224 641 1263 in
670 1224 788 1275 partis
819 1232 856 1263 et
886 1224 1034 1263 fervida
1063 1225 1183 1275 signa.

221 1297 260 1330 et
289 1289 438 1329 ratione
467 1288 549 1340 pari
579 1291 713 1327 lunam
743 1290 953 1339 stellasque
983 1290 1254 1340 putandumst,

222 1368 323 1405 quae
352 1357 514 1394 volvunt
544 1368 707 1405 magnos
738 1355 776 1392 in
809 1354 960 1404 magnis
991 1354 1153 1393 orbibus
1183 1367 1320 1399 annos,

221 1419 376 1459 aeribus
406 1433 521 1470 posse
550 1419 707 1458 alternis
737 1433 758 1458 e
787 1419 961 1470 partibus
992 1419 1056 1458 ire.
1493 1426 1555 1465 645

221 1497 355 1524 nonne
383 1484 492 1523 vides
523 1484 640 1523 etiam
671 1483 832 1522 diversis
862 1484 998 1522 nubila
1027 1482 1151 1522 ventis

221 1548 393 1588 diversas
422 1549 477 1588 ire
506 1549 546 1587 in
577 1548 695 1599 partis
726 1548 876 1586 inferna
906 1548 1114 1598 supernis?

222 1614 289 1664 qui
319 1615 448 1653 minus
478 1614 543 1652 illa
572 1621 719 1664 queant
748 1626 816 1664 per
846 1626 1009 1664 magnos
1039 1612 1205 1653 aetheris
1236 1612 1341 1652 orbis

221 1679 394 1718 aestibus
423 1679 523 1719 inter
552 1693 593 1718 se
622 1678 785 1718 diversis
815 1677 942 1717 sidera
971 1677 1091 1717 ferri?

268 1830 392 1876 Nzght
408 1831 441 1864 is
457 1830 528 1864 due
555 1829 605 1874 (1)
632 1834 667 1864 to
684 1829 744 1864 tlte
760 1830 961 1864 extz'nclz‘on
980 1830 1021 1874 os
1037 1828 1096 1864 tlte
1111 1831 1207 1874 sires
1228 1830 1272 1874 os
1288 1829 1348 1863 the
1366 1840 1436 1863 sun
1455 1830 1560 1874 aster

221 1877 281 1912 llze
305 1877 526 1912 exhaustion
553 1878 598 1923 qs
613 1877 673 1912 the
698 1878 789 1923 long
803 1878 967 1922 Journey
992 1888 1115 1911 across
1139 1876 1199 1911 ille
1225 1877 1318 1921 ὡκ,-
1358 1876 1408 1921 (2)
1437 1880 1473 1910 to
1498 1877 1558 1910 tlte

209 1925 298 1969 fact
314 1925 396 1959 that
411 1925 471 1959 tlze
493 1936 565 1958 sun
589 1925 622 1959 is
644 1925 844 1969 compelled
858 1929 895 1959 to
921 1926 1094 1959 cmn‘imce
1119 1924 1178 1958 lais
1204 1935 1329 1958 course
1354 1925 1474 1958 [ander
1499 1924 1559 1957 tlze

222 1972 328 2006 earth
346 1972 388 2017 by
405 1971 465 2006 tlce
482 1983 582 2006 same
587 1973 695 2017 force
711 1973 795 2006 that
811 1972 938 2006 raised
951 1972 1029 2006 stim
1047 1972 1159 2006 above
1177 1973 1215 2005 it.

278 2064 330 2101 At
358 2075 436 2101 nox
466 2062 595 2101 obruit
626 2062 772 2113 ingenti
802 2063 967 2113 caligine
997 2070 1128 2109 terras,
1492 2069 1558 2110 650

222 2135 289 2165 aut
318 2127 384 2166 ubi
415 2129 466 2166 de
495 2129 614 2178 longo
643 2141 757 2166 cursu
788 2129 844 2166 sol
874 2127 1012 2166 ultima
1041 2129 1137 2166 caeli

223 2191 377 2242 impulit
405 2199 524 2242 atque
553 2205 643 2231 suos
673 2193 815 2231 efflavit
844 2192 1051 2243 languidus
1081 2191 1180 2242 ignis

223 2270 438 2297 concussos
469 2257 563 2297 itere
592 2264 631 2296 et
660 2257 874 2297 labefactos
904 2270 993 2296 aere
1022 2259 1160 2304 multo,

222 2329 290 2360 aut
318 2322 411 2372 quia
440 2323 513 2362 sub
543 2330 662 2361 terras
692 2335 848 2361 cursum
879 2329 1106 2361 convertere
1135 2321 1239 2372 cogit

223 2386 279 2425 vis
309 2388 459 2435 eadem,
492 2401 608 2438 supra
637 2401 738 2438 quae
767 2394 885 2426 terras
917 2387 1074 2437 pertulit
1102 2387 1251 2426 orbem.
1491 2390 1554 2434 ⁶55

859 2537 905 2575 35
1379 2536 1442 2561 C2
