1827 2796
261 88 305 125 T.
342 87 584 124 LVCRETI
617 87 750 125 CARI

264 191 446 230 Herculis
477 192 661 229 antistare
691 197 823 228 autem
854 189 882 227 si
915 191 1014 228 facta
1044 190 1211 240 putabis.

261 257 414 306 longius
443 268 464 293 a
495 267 583 293 vera
615 255 739 292 multo
769 255 917 292 ratione
947 255 1077 292 ferere.

261 322 356 371 quid
387 322 610 359 Nemeaeus
641 319 748 357 enim
779 319 894 358 nobis
925 332 1031 357 nunc
1063 332 1225 370 magnus
1256 320 1383 359 hiatus

262 386 325 425 ille
355 386 479 425 leonis
509 385 667 425 obesset
698 392 736 424 et
767 385 929 424 horrens
960 385 1153 424 Arcadius
1184 387 1278 424 sus?
1551 403 1589 435 25

261 450 434 502 denique
463 449 560 501 quid
589 451 731 491 Cretae
761 457 893 489 taurus
924 451 1180 501 Lernaeaque
1208 451 1328 502 pestis

261 517 385 566 hydra
413 516 615 556 venenatis
645 522 779 567 posset
808 516 950 555 vallata
979 515 1179 555 colubris?

263 581 409 632 quidve
437 580 646 631 tripectora
675 580 882 631 tergemini
912 580 969 619 vis
1000 580 1207 631 Geryonai,
1532 590 1592 623 28⁸

262 647 359 696 quid
382 646 549 685 volucres
568 646 711 696 pennis
741 647 886 685 aeratis
916 646 1023 685 invia
1051 652 1191 696 stagna
1531 647 1593 687 28¹³

262 717 373 749 tanto
401 723 520 760 opere
550 711 752 750 officerent
781 710 897 750 nobis
927 712 1155 762 Stymphala
1183 713 1369 760 colentes,

263 782 301 814 et
332 774 540 814 Diomedis
570 775 662 826 equi
692 775 885 826 spirantes
915 775 1074 815 naribus
1104 775 1234 827 ignem
1553 796 1594 827 30

263 841 436 879 Thraces
467 840 746 892 Bistoniasque
775 842 907 891 plagas
936 847 1055 891 atque
1085 842 1235 880 Ismara
1263 845 1454 893 propter?

264 919 460 957 aureaque
491 906 760 956 Hesperidum
789 919 946 945 servans
976 907 1163 957 fulgentia
1193 908 1306 954 mala,

264 984 386 1021 asper,
418 971 559 1010 acerba
588 978 713 1018 tuens,
748 971 911 1010 immani
941 984 1104 1022 corpore
1134 984 1294 1022 serpens

264 1036 411 1075 arboris
441 1037 645 1087 amplexus
676 1037 836 1087 stirpem
867 1036 963 1087 quid
993 1036 1165 1086 denique
1194 1037 1350 1077 obesset

266 1109 423 1153 propter
452 1103 681 1142 Atlanteum
712 1102 802 1141 litus
832 1103 1038 1153 pelagique
1068 1115 1211 1150 severa,
1553 1121 1594 1152 35

267 1179 346 1217 quo
376 1179 505 1217 neque
534 1174 666 1206 noster
694 1167 777 1206 adit
806 1168 1015 1218 quisquam
1046 1180 1118 1206 nec
1147 1167 1335 1206 barbarus
1364 1169 1513 1208 audet?

267 1240 395 1271 cetera
423 1233 474 1271 de
503 1245 644 1282 genere
674 1234 750 1271 hoc
781 1245 881 1283 quae
911 1241 1001 1271 sunt
1031 1240 1213 1283 portenta
1241 1240 1453 1284 perempta,

268 1299 297 1335 si
328 1310 410 1336 non
439 1297 540 1336 victa
570 1299 708 1345 forent,
739 1298 835 1349 quid
865 1299 1024 1337 tandem
1056 1298 1142 1337 viva
1171 1301 1389 1338 nocerent?

268 1362 333 1410 nil,
365 1370 407 1400 ut
436 1362 598 1412 opinor:
638 1362 690 1401 ita
719 1364 769 1402 ad
799 1362 976 1402 satiatem
1006 1370 1105 1402 terra
1134 1365 1300 1403 ferarum

269 1440 374 1466 nunc
404 1427 521 1466 etiam
552 1427 665 1467 scatit
694 1436 732 1467 et
761 1428 916 1478 trepido
947 1435 1091 1468 terrore
1120 1430 1266 1479 repleta
1295 1437 1353 1468 est
1554 1445 1598 1478 40

269 1506 337 1543 per
365 1506 528 1532 nemora
556 1506 601 1532 ac
631 1493 777 1532 montis
807 1507 970 1544 magnos
1000 1493 1196 1544 silvasque
1223 1494 1437 1545 profundas
1452 1509 1461 1542 3

270 1571 371 1608 quae
400 1559 486 1596 loca
515 1558 663 1597 vitandi
694 1560 926 1610 plerumque
956 1566 1015 1598 est
1043 1566 1175 1598 nostra
1204 1566 1386 1609 potestas.

270 1631 308 1661 at
338 1622 409 1661 nisi
442 1631 686 1674 purgatumst
716 1631 866 1674 pectus,
897 1637 998 1675 quae
1026 1626 1173 1675 proelia
1202 1625 1317 1664 nobis

271 1696 389 1738 atque
418 1688 589 1738 pericula
619 1696 740 1728 tumst
771 1689 928 1740 ingratis
958 1689 1270 1729 insinuandum?

271 1760 443 1804 quantae
471 1761 555 1793 tum
585 1755 771 1794 scindunt
800 1755 1003 1794 hominem
1033 1755 1266 1806 cuppedinis
1295 1768 1401 1795 acres
1555 1773 1598 1804 45

272 1818 481 1857 sollicitum
512 1831 627 1858 curae
656 1819 873 1870 quantique
904 1821 1067 1869 perinde
1095 1822 1285 1860 timores?

272 1885 418 1934 quidve
447 1884 630 1934 superbia
659 1884 845 1935 spurcitia
873 1899 918 1924 ac
948 1885 1193 1936 petulantia?
1231 1894 1397 1937 quantas

273 1949 446 1989 efficiunt
475 1950 640 1989 clades?
678 1949 774 2000 quid
805 1951 916 1989 luxus
946 1951 1232 2001 desidiaeque?

273 2016 371 2054 haec
401 2013 515 2064 igitur
544 2016 610 2065 qui
641 2023 784 2054 cuncta
813 2015 1009 2066 subegerit
1039 2029 1084 2054 ex
1114 2016 1327 2068 animoque

273 2079 461 2130 expulerit
492 2079 617 2127 dictis,
650 2093 730 2119 non
760 2080 888 2128 armis,
921 2094 1054 2121 nonne
1083 2081 1240 2121 decebit
1561 2099 1602 2131 50

273 2147 380 2183 hunc
408 2144 610 2184 hominem
641 2159 806 2185 numero
835 2146 969 2185 divum
1000 2148 1194 2197 dignarier
1222 2151 1336 2188 esse?

275 2223 363 2248 cum
395 2210 497 2249 bene
526 2211 751 2260 praesertim
782 2213 903 2250 multa
931 2224 977 2251 ac
1006 2211 1191 2252 divinitus
1221 2213 1313 2264 ipsis

274 2274 553 2313 immortalibu'
583 2276 634 2314 de
663 2276 762 2315 divis
791 2277 885 2316 dare
913 2277 1018 2316 dicta
1048 2278 1167 2316 suerit

277 2347 395 2391 atque
426 2353 584 2379 omnem
616 2353 741 2380 rerum
772 2349 949 2381 naturam
979 2344 1152 2392 pandere
1180 2343 1304 2382 dictis.

915 2489 959 2522 14
