1827 2796
299 129 345 166 Τ.
379 128 624 169 LVCRETI
655 128 790 168 CARI

299 231 476 280 undique
506 231 747 271 conveniunt
777 238 815 270 et
843 231 898 270 sic
928 232 1130 270 coniectus
1159 244 1294 270 eorum
1567 238 1632 270 600

300 294 474 342 confluit,
506 309 551 334 ex
581 309 660 335 uno
690 295 817 346 capite
847 295 910 334 hic
939 303 981 334 ut
1010 297 1177 346 profluat
1205 298 1330 336 ardor.

299 373 433 399 nonne
462 361 571 399 vides
601 361 719 399 etiam
749 374 868 411 quam
898 362 975 399 late
1004 374 1144 411 parvus
1173 360 1288 411 aquai

299 433 407 475 prata
436 425 532 475 riget
562 426 648 464 fons
679 425 876 465 interdum
906 425 1135 476 campisque
1164 426 1386 465 redundet?

299 497 357 528 est
387 491 504 529 etiam
534 504 694 541 quoque
723 491 779 530 uti
809 504 890 530 non
920 504 1064 541 magno
1094 490 1185 529 solis
1214 491 1264 529 ab
1294 489 1374 541 igni

298 568 387 593 aera
416 554 604 605 percipiat
633 555 770 595 calidis
800 555 1014 594 fervoribus
1043 556 1169 602 ardor,
1566 561 1629 601 605

300 627 545 670 opportunus
575 620 628 659 ita
657 628 714 660 est
744 620 775 659 si
805 621 903 660 forte
932 628 969 659 et
1000 621 1166 659 idoneus
1197 634 1272 667 aer,

299 692 340 722 ut
371 693 489 734 queat
518 685 683 725 accendi
713 687 839 736 parvis
867 685 1073 724 ardoribus
1103 685 1202 724 ictus
1218 700 1227 733 3

298 750 407 799 quod
435 763 558 800 genus
589 750 786 789 interdum
818 757 967 800 segetes
998 750 1262 801 stipulamque
1290 749 1468 789 videmus

297 813 476 853 accidere
506 828 552 853 ex
582 828 660 852 una
689 814 856 853 scintilla
885 814 1068 854 incendia
1097 815 1253 865 passim.

297 879 458 917 forsitan
489 888 526 918 et
556 893 668 918 rosea
697 881 755 918 sol
784 881 861 918 alte
891 880 1074 929 lampade
1103 881 1239 918 lucens
1564 884 1631 917 610

297 944 497 994 possideat
527 946 694 983 multum
724 946 850 996 caecis
880 945 1094 983 fervoribus
1124 944 1255 995 ignem

297 1009 445 1047 circum
474 1022 526 1056 se,
559 1011 667 1048 nullo
697 1009 763 1059 qui
794 1009 842 1048 sit
872 1010 1020 1060 fulgore
1049 1017 1216 1057 notatus,

297 1074 450 1114 aestifer
480 1082 522 1113 ut
552 1082 704 1113 tantum
734 1075 932 1114 radiorum
963 1082 1150 1125 exaugeat
1180 1075 1313 1114 ictum.

350 1212 424 1246 'l'lze
449 1224 520 1246 sun
545 1212 613 1246 llas
637 1224 686 1246 an
713 1213 869 1256 annual,
896 1213 955 1247 tlte
980 1224 1085 1247 moon
1115 1224 1137 1246 a
1162 1212 1329 1257 monthly
1352 1223 1478 1246 course
1503 1213 1543 1246 in
1569 1212 1630 1246 tlte

296 1259 370 1303 sky.
422 1259 660 1293 Democritus
692 1271 775 1304 says
803 1261 863 1294 llze
891 1260 1102 1294 revolution
1133 1261 1180 1305 os
1199 1259 1259 1294 tlte
1291 1259 1433 1293 heaven
1461 1259 1530 1293 ltczs
1559 1259 1630 1293 less

296 1307 405 1350 afflet,
426 1306 496 1340 less
513 1307 674 1352 driving
675 1308 783 1352 force
801 1318 845 1341 θη
864 1318 887 1340 a
905 1307 995 1352 body
1011 1307 1071 1341 tlte
1087 1318 1222 1341 nearer
1243 1308 1276 1341 it
1298 1308 1330 1340 is
1352 1311 1389 1340 to
1413 1306 1475 1340 tlze
1497 1306 1601 1340 earth
1608 1318 1629 1347 ,·

297 1353 358 1386 tlte
379 1364 486 1387 moon
510 1354 542 1387 z's
563 1365 696 1387 nearer
720 1354 812 1388 than
836 1353 897 1387 tlze
922 1365 1007 1397 sun,
1027 1365 1065 1388 so
1090 1355 1123 1388 z'l
1146 1355 1287 1388 lrar‘els
1311 1353 1472 1387 slower:
1497 1354 1538 1387 z'n
1556 1353 1629 1387 like

297 1411 456 1434 manner
476 1401 536 1434 tlze
559 1412 631 1435 sun
657 1401 798 1435 travels
822 1402 958 1435 slower
980 1401 1071 1435 llum
1097 1400 1156 1434 the
1181 1405 1291 1443 stars,
1319 1399 1440 1435 wlzz'clz
1461 1411 1525 1434 are
1549 1399 1633 1435 still

297 1447 448 1481 further
460 1448 614 1482 distant.
655 1448 711 1482 Or
722 1447 888 1493 perhaps
910 1452 985 1482 two
1007 1452 1177 1483 currenls
1199 1448 1244 1492 of
1257 1449 1319 1482 air
1334 1447 1500 1492 blowz‘ng
1515 1447 1628 1481 aller-

297 1495 421 1539 ncztely
438 1496 477 1528 in
495 1495 669 1538 dzfferent
681 1495 881 1529 directions
897 1496 1024 1529 dm'ws
1046 1496 1106 1529 the
1129 1494 1309 1539 lzeavenly
1326 1494 1445 1528 bodies
1461 1494 1577 1539 along
1591 1498 1633 1528 at

297 1542 464 1586 wvyz'ng
474 1544 582 1586 paces
599 1545 640 1575 at
655 1542 828 1586 dffrent
843 1553 1002 1576 seusam.

352 1642 437 1679 Nec
468 1642 565 1680 ratio
595 1642 685 1680 solis
715 1642 878 1691 simplex
908 1641 982 1693 <et¹>
1011 1648 1114 1680 certa
1144 1640 1320 1691 patescit,

298 1718 377 1755 quo
407 1714 522 1756 pacto
551 1705 706 1744 aestivis
737 1719 757 1744 e
787 1705 962 1756 partibus
992 1705 1232 1756 aegocerotis
1563 1711 1626 1753 615

297 1770 483 1809 brumalis
513 1772 629 1810 adeat
658 1772 780 1810 flexus
809 1779 930 1821 atque
960 1770 1053 1809 inde
1082 1778 1277 1810 revertens

297 1837 425 1874 cancri
456 1849 496 1874 se
526 1843 568 1874 ut
597 1843 719 1874 vertat
749 1843 872 1875 metas
901 1836 952 1874 ad
982 1835 1203 1882 solstitialis,

297 1902 469 1951 lunaque
499 1901 700 1940 mensibus
732 1902 770 1939 id
801 1900 969 1950 spatium
1000 1901 1176 1939 videatur
1204 1900 1323 1946 obire,

296 1978 428 2003 annua
457 1967 515 2004 sol
545 1965 584 2003 in
614 1978 694 2015 quo
724 1966 921 2003 consumit
951 1973 1129 2014 tempora
1158 1977 1283 2003 cursu.

296 2043 388 2079 non,
420 2029 593 2081 inquam,
625 2029 790 2080 simplex
818 2029 878 2068 his
909 2029 1025 2068 rebus
1055 2028 1207 2068 reddita
1237 2037 1400 2068 causast.
1562 2036 1628 2067 620

296 2109 388 2134 nam
419 2095 500 2134 fieri
529 2096 590 2133 vel
619 2108 709 2133 cum
739 2094 873 2145 primis
903 2095 943 2133 id
972 2107 1088 2145 posse
1118 2095 1282 2141 videtur,

299 2160 515 2199 Democriti
545 2161 653 2210 quod
683 2168 818 2198 sancta
847 2159 915 2198 viri
945 2161 1138 2199 sententia
1166 2161 1289 2210 ponit,

297 2233 446 2275 quanto
475 2238 655 2275 quaeque
686 2226 808 2275 magis
838 2224 915 2263 sint
944 2232 1084 2263 terram
1115 2226 1243 2264 sidera
1271 2231 1439 2275 propter,

296 2298 406 2328 tanto
436 2303 551 2339 posse
581 2290 710 2329 minus
740 2303 830 2328 cum
860 2289 957 2328 caeli
987 2289 1142 2329 turbine
1172 2289 1269 2329 ferri.

295 2368 527 2394 evanescere
556 2355 661 2393 enim
692 2355 845 2406 rapidas
875 2355 976 2394 illius
1006 2363 1044 2394 et
1073 2357 1170 2394 acris
1561 2362 1623 2404 625

296 2419 476 2459 imminui
506 2421 638 2459 subter
667 2419 767 2467 viris,
799 2420 969 2470 ideoque
999 2419 1163 2469 relinqui

934 2502 984 2539 34
