1827 2796
256 124 303 159 T.
339 123 582 165 LVCRETI
614 126 747 165 CARI

304 226 492 271 Daylzglu‘
516 231 668 261 returns
693 226 838 260 because
865 224 915 268 (1)
940 225 1002 259 the
1026 235 1125 258 same
1152 235 1223 258 sun
1250 227 1448 270 reappears
1472 226 1587 271 again

258 272 369 307 above
386 274 445 306 tlze
461 275 567 307 earth
575 286 594 315 ;
621 273 672 317 (2)
693 285 716 306 a
733 283 815 306 new
838 283 908 305 sun
932 273 1090 316 appears
1112 272 1304 317 composed
1318 272 1364 318 of
1368 272 1480 316 fresh
1491 272 1588 317 fires

258 321 468 365 streaming
501 321 667 365 logellzer
696 329 805 364 every
832 320 1010 363 morning
1043 322 1085 352 at
1116 318 1175 352 llze
1200 320 1343 364 proper
1374 319 1491 361 time;
1530 319 1590 353 tlze

258 366 373 400 latter
388 367 422 400 is
437 369 540 411 quite
558 380 580 401 a
596 367 756 401 natural
774 366 1029 411 explanation,
1043 365 1116 411 for
1137 370 1272 399 nature
1296 369 1372 400 acts
1397 365 1592 411 regularly

258 413 577 457 andplcenomena
599 415 643 459 of
655 418 793 448 nature
813 424 923 447 recur
945 413 1149 458 regularly,
1167 412 1254 447 such
1280 424 1322 446 as
1345 414 1448 457 crops
1473 424 1516 446 or
1531 412 1592 447 tlte

258 460 430 504 dffrent
463 461 669 495 condz‘tz‘ons
699 462 744 506 of
769 459 935 494 weallzer
961 460 1042 494 and
1069 459 1130 493 the
1163 470 1309 493 seasons
1342 458 1462 493 usbida
1495 470 1593 504 vary

246 506 375 552 fairly
391 508 586 553 regularly
601 509 760 553 atfixed
771 507 958 541 intervals
974 506 1119 551 during
1132 506 1192 540 the
1199 518 1307 551 year.

314 612 511 661 Tempore
541 611 634 650 item
664 618 771 650 certo
800 623 951 649 roseam
983 611 1140 648 Matuta
1168 623 1236 660 per
1265 622 1351 649 oras

258 676 425 714 aetheris
455 688 632 714 auroram
664 675 791 714 differt
820 683 858 714 et
888 674 1037 714 lumina
1066 675 1213 725 pandit,

260 747 326 779 aut
356 740 447 790 quia
477 742 534 780 sol
564 740 681 788 idem,
713 741 787 780 sub
817 748 935 779 terras
966 741 1029 780 ille
1059 748 1266 788 revertens,

259 805 446 855 anticipat
476 807 628 844 caelum
658 805 775 844 radiis
804 807 1020 844 accendere
1051 813 1259 855 temptans,

259 878 325 908 aut
355 870 447 920 quia
476 870 716 910 conveniunt
746 870 854 921 ignes
884 877 922 909 et
951 872 1102 909 semina
1131 872 1254 909 multa
1529 877 1594 910 660

259 936 458 974 confluere
487 935 634 974 ardoris
667 943 905 974 consuerunt
935 942 1112 985 tempore
1140 943 1258 982 certo,

260 1013 361 1050 quae
390 1000 537 1039 faciunt
568 1002 659 1039 solis
689 1013 791 1039 nova
821 1013 975 1050 semper
1004 1002 1153 1039 lumina
1181 1000 1313 1051 gigni3

260 1067 369 1116 quod
398 1078 521 1116 genus
553 1065 683 1104 Idaeis
713 1066 818 1103 fama
847 1073 904 1104 est
934 1078 955 1104 e
986 1065 1188 1104 montibus
1217 1064 1304 1104 altis

260 1130 456 1181 dispersos
486 1130 584 1181 ignis
614 1131 752 1169 orienti
783 1129 931 1169 lumine
962 1130 1078 1177 cerni,

260 1194 352 1234 inde
382 1195 486 1234 coire
515 1195 677 1246 globum
708 1194 818 1244 quasi
848 1195 888 1232 in
917 1208 1040 1233 unum
1070 1202 1108 1234 et
1137 1195 1332 1233 conficere
1357 1194 1505 1233 orbem.
1529 1199 1593 1242 665

261 1273 334 1299 nec
364 1268 495 1299 tamen
526 1259 621 1298 illud
652 1259 691 1297 in
721 1260 780 1298 his
811 1259 926 1298 rebus
956 1259 1133 1298 mirabile
1163 1259 1282 1299 debet

262 1337 357 1371 esse,
390 1326 499 1374 quod
529 1326 626 1363 haec
656 1324 754 1375 ignis
785 1332 865 1363 tam
895 1331 1001 1363 certo
1032 1332 1208 1376 tempore
1237 1330 1402 1374 possunt

263 1390 413 1429 semina
443 1391 640 1428 confluere
670 1397 707 1428 et
737 1389 829 1428 solis
859 1403 1035 1440 reparare
1063 1390 1243 1429 nitorem.

266 1457 386 1493 multa
414 1453 593 1493 videmus
622 1453 739 1501 enim,
771 1462 877 1492 certo
907 1467 1007 1504 quae
1036 1462 1213 1505 tempore
1243 1455 1340 1493 fiunt

264 1520 448 1559 omnibus
478 1521 517 1559 in
548 1520 674 1558 rebus.
733 1521 944 1559 florescunt
974 1528 1152 1570 tempore
1181 1528 1288 1560 certo
1532 1527 1597 1568 670

263 1585 422 1624 arbusta
450 1593 489 1624 et
518 1592 625 1623 certo
655 1584 858 1623 dimittunt
887 1592 1064 1635 tempore
1094 1586 1241 1624 florem.

264 1663 338 1689 nec
368 1649 497 1688 minus
527 1651 566 1688 in
597 1657 704 1688 certo
733 1649 862 1689 dentis
892 1651 1032 1688 cadere
1062 1649 1227 1700 imperat
1255 1658 1361 1691 aetas

265 1722 442 1765 tempore
471 1723 510 1753 et
540 1714 743 1764 impubem
774 1715 882 1752 molli
911 1714 1126 1764 pubescere
1156 1722 1262 1754 veste

266 1788 304 1819 et
334 1779 475 1830 pariter
505 1781 663 1819 mollem
695 1780 806 1818 malis
836 1779 1041 1818 demittere
1071 1780 1246 1819 barbam.

267 1843 432 1883 fulmina
461 1852 660 1895 postremo
689 1844 754 1883 nix
784 1844 928 1883 imbres
959 1845 1093 1883 nubila
1122 1845 1227 1884 venti
1533 1852 1597 1895 675

269 1923 349 1949 non
379 1909 495 1948 nimis
526 1909 681 1949 incertis
712 1911 810 1948 fiunt
841 1911 879 1948 in
910 1910 1084 1960 partibus
1114 1910 1218 1950 anni.

268 1988 440 2025 namque
470 1975 537 2013 ubi
567 1975 622 2013 sic
652 1976 806 2013 fuerunt
836 1987 1040 2013 causarum
1071 1975 1229 2015 exordia
1258 1975 1381 2026 prima

268 2047 387 2090 atque
416 2040 470 2078 ita
498 2053 556 2078 res
588 2040 725 2079 mundi
756 2041 933 2078 cecidere
963 2040 1013 2079 ab
1043 2040 1191 2091 origine
1220 2042 1355 2092 prima,

270 2117 471 2155 conseque
499 2118 660 2155 quoque
689 2104 765 2143 iam
797 2106 962 2144 redeunt
992 2118 1038 2144 ex
1067 2105 1205 2145 ordine
1235 2114 1352 2146 certo.

319 2204 424 2248 Days
440 2204 520 2238 and
534 2205 664 2249 nzglzts
679 2204 851 2250 lengllzen
870 2204 950 2238 ond
961 2205 1110 2238 slzorlen
1136 2206 1334 2251 according
1348 2210 1384 2240 to
1400 2205 1460 2240 tlte
1475 2217 1601 2240 season

272 2251 418 2285 because
435 2249 486 2294 (ι)
507 2251 565 2284 tlte
582 2252 707 2297 length
727 2252 773 2296 of
781 2252 839 2286 she
848 2251 944 2296 path
964 2253 1006 2297 of
1018 2252 1079 2286 the
1098 2264 1169 2286 sun
1192 2253 1304 2287 above
1321 2253 1402 2286 and
1414 2253 1526 2287 below
1543 2253 1604 2287 tlte

271 2298 377 2332 earllz
396 2299 430 2331 is
446 2299 559 2341 equa!
573 2300 658 2343 only
675 2303 717 2333 at
735 2298 794 2333 the
809 2300 1021 2343 equinoxes,
1040 2299 1222 2343 therefore
1243 2300 1387 2345 during
1399 2300 1458 2333 tlte
1475 2304 1552 2334 rest
1567 2301 1611 2346 of

273 2345 333 2379 llze
349 2356 447 2390 year
469 2357 491 2378 a
516 2345 608 2390 long
629 2346 700 2390 day
723 2348 755 2380 is
774 2346 957 2388 followed
978 2347 1019 2390 by
1044 2358 1067 2380 a
1092 2347 1196 2381 slzori
1217 2358 1283 2381 one
1306 2358 1350 2381 or
1371 2348 1450 2381 vice
1466 2358 1575 2381 versa
1584 2359 1604 2389 j

275 2391 326 2436 (2)
341 2391 507 2436 perhaps
524 2392 583 2426 slze
600 2394 663 2426 air
679 2394 711 2426 is
733 2393 865 2427 denser
883 2395 923 2426 in
946 2395 1089 2428 certain
1104 2395 1218 2438 parls
1240 2393 1320 2427 and
1328 2397 1508 2438 prevenis
1524 2395 1602 2428 lzim

272 2440 369 2480 from
387 2439 597 2483 travelling
611 2450 649 2473 so
661 2440 757 2483 sasl,
778 2439 923 2484 llzereby
939 2441 1184 2485 lengllzem‘ng
1193 2440 1253 2474 tlte
1270 2441 1380 2485 mglzt
1390 2442 1431 2475 in
1443 2442 1581 2475 winter
1585 2453 1606 2483 ;

911 2498 959 2540 36
