1827 2796
227 122 272 158 T.
306 121 551 160 LVCRETI
584 121 717 160 CARI

278 224 494 269 Originally
526 226 748 271 eve7yllzing
779 236 859 259 was
892 226 932 259 in
967 225 1139 269 complele
1171 224 1278 260 chaos
1309 227 1404 261 wille
1438 230 1555 261 atoms

226 272 408 317 collidz'ng
434 272 577 316 hlz'ndly
603 275 643 306 in
669 274 726 307 all
750 273 963 315 directions,
993 272 1056 306 but
1076 273 1285 318 gradually
1314 274 1373 308 tlte
1400 274 1555 308 various

219 322 333 364 parts
346 319 391 364 (ff
401 319 462 353 llle
475 319 579 353 earflz
599 320 712 366 began
731 323 768 355 to
784 322 953 365 separate
970 319 1049 353 and
1063 331 1209 354 assume
1225 332 1247 354 a
1265 321 1413 366 definite
1431 321 1553 365 shape.

281 405 363 443 Hic
391 418 520 456 neque
549 412 633 444 tum
662 406 755 444 solis
783 413 868 445 rota
896 406 1002 445 cerni
1031 405 1179 445 lumine
1206 407 1313 456 largo

225 469 430 509 altivolans
458 478 611 521 poterat
639 484 713 510 nec
742 471 873 521 magni
902 472 1029 510 sidera
1058 471 1196 510 mundi

226 548 300 575 nec
331 549 435 574 mare
464 549 538 575 nec
567 538 719 576 caelum
749 550 823 576 nec
851 537 1024 587 denique
1052 543 1152 575 terra
1180 549 1311 588 neque
1338 550 1404 576 aer

226 613 300 640 nec
329 600 465 640 similis
494 601 635 640 nostris
664 602 780 642 rebus
809 615 869 641 res
898 603 976 641 ulla
1005 601 1139 650 videri,
1490 616 1554 651 435

228 667 298 705 sed
326 680 430 705 nova
458 674 671 717 tempestas
701 669 897 718 quaedam
928 668 1131 717 molesque
1161 675 1292 706 coorta

227 744 346 770 omne
374 745 497 782 genus
527 733 577 771 de
606 732 817 783 principiis,
849 732 1046 771 discordia
1075 745 1241 782 quorum

226 797 426 836 intervalla
455 798 535 836 vias
564 810 737 837 conexus
765 799 942 848 pondera
970 799 1102 847 plagas

228 874 442 900 concursus
474 870 604 901 motus
634 862 817 901 turbabat
847 861 994 912 proelia
1024 862 1203 909 miscens,

226 935 383 977 propter
412 927 610 966 dissimilis
639 929 784 967 formas
813 928 1016 978 variasque
1045 928 1186 977 figuras
1491 944 1559 976 440

226 995 335 1044 quod
356 1007 436 1032 non
457 994 591 1033 omnia
611 993 666 1033 sic
687 1000 868 1045 poterant
887 992 1100 1032 coniuncta
1120 1005 1278 1033 manere

226 1072 299 1098 nec
328 1067 459 1098 motus
489 1059 589 1099 inter
617 1072 702 1099 sese
731 1061 824 1098 dare
852 1058 1134 1098 convenientis.

226 1126 415 1176 diffugere
443 1125 537 1164 inde
565 1125 642 1164 loci
670 1132 799 1176 partes
827 1137 993 1174 coepere
1021 1137 1212 1175 paresque

226 1203 317 1228 cum
347 1190 505 1240 paribus
534 1190 642 1241 iungi
671 1203 730 1229 res
760 1198 799 1229 et
827 1189 1048 1229 discludere
1077 1190 1272 1228 mundum

229 1255 487 1307 membraque
516 1256 691 1296 dividere
720 1264 758 1295 et
788 1268 948 1306 magnas
978 1254 1186 1306 disponere
1214 1257 1344 1306 partis,
1491 1272 1555 1304 445

228 1321 304 1359 hoc
334 1329 403 1368 est,
434 1335 457 1360 a
485 1321 594 1360 terris
623 1322 745 1360 altum
775 1333 977 1360 secernere
1006 1321 1170 1368 caelum,

227 1395 265 1426 et
294 1400 446 1426 sorsum
477 1400 593 1435 mare,
625 1388 681 1426 uti
711 1394 860 1427 secreto
890 1400 1027 1426 umore
1055 1394 1215 1437 pateret,

227 1465 358 1491 sorsus
386 1452 481 1492 item
511 1452 597 1503 puri
626 1452 844 1503 secretique
872 1453 1040 1491 aetheris
1070 1452 1189 1502 ignes.

281 1541 314 1574 T
311 1539 354 1574 lze
382 1539 501 1585 lzeavy
530 1543 650 1573 aloms
681 1540 852 1574 collected
883 1542 921 1574 z'n
957 1538 1016 1573 tlte
1048 1540 1163 1574 midst
1195 1550 1234 1585 (y
1259 1539 1336 1574 tlzis
1368 1540 1559 1587 confusion

214 1588 377 1632 forcing
399 1586 458 1621 tlte
477 1587 618 1632 lzgrhter
637 1598 721 1621 ones
743 1587 924 1631 upwards
948 1586 1028 1620 and
1049 1587 1254 1630 outwards,
1271 1587 1369 1621 these
1389 1598 1469 1622 rose
1486 1589 1566 1622 and

227 1634 366 1668 became
390 1633 442 1677 (1)
466 1634 528 1668 tlze
547 1633 651 1668 etlzer
672 1634 755 1668 tlzal
776 1634 949 1668 encz'rcles
973 1632 1033 1667 tlze
1057 1634 1190 1676 world,
1218 1634 1269 1678 (2)
1296 1634 1357 1668 tlte
1380 1634 1562 1680 heavenly

227 1682 358 1724 bodies,
375 1681 455 1715 ond
468 1681 553 1715 then
571 1681 631 1715 tlte
647 1680 752 1715 earth
770 1680 866 1714 sank
881 1681 990 1715 down
1009 1681 1089 1714 and
1103 1680 1162 1715 tlte
1181 1692 1242 1714 sea
1261 1684 1382 1716 water
1395 1682 1567 1716 collected

228 1730 268 1762 in
299 1728 359 1762 llze
385 1728 453 1762 bed
475 1729 521 1773 os
538 1728 598 1763 tlte
627 1739 747 1762 ocean.
804 1728 877 1762 The
903 1728 990 1762 heat
1016 1729 1061 1773 (ff
1081 1728 1141 1761 the
1165 1728 1268 1762 ether
1294 1729 1375 1763 and
1398 1729 1459 1762 tlte
1487 1740 1560 1763 sun

228 1776 363 1809 caused
382 1775 442 1810 tlte
466 1776 571 1810 earth
599 1779 635 1809 to
661 1776 795 1809 become
819 1786 919 1809 more
944 1776 1023 1809 and
1043 1786 1142 1808 more
1167 1776 1375 1819 condensed,
1401 1776 1482 1810 and
1501 1776 1562 1810 tlte

229 1826 350 1857 water
370 1823 550 1867 particles
570 1822 716 1867 flowed
743 1824 823 1856 into
857 1822 916 1856 the
948 1833 1009 1856 sea
1036 1822 1148 1856 wlzz'le
1174 1822 1233 1856 llze
1259 1822 1361 1856 ellzer
1379 1823 1562 1867 particles

223 1870 364 1914 passed
377 1871 457 1903 into
475 1870 534 1904 the
551 1870 627 1914 sky,
646 1870 706 1904 the
723 1869 842 1903 result
858 1869 968 1914 being
983 1868 1067 1902 that
1083 1869 1140 1902 all
1159 1869 1220 1903 tlte
1236 1869 1374 1915 lzghter
1382 1870 1562 1915 partt'cles

229 1928 324 1951 were
341 1918 517 1961 sqzceezed
529 1920 594 1950 out
611 1917 655 1963 (ff
664 1916 723 1950 llze
739 1916 844 1950 earth
868 1918 947 1950 and
964 1916 1023 1950 llze
1043 1916 1162 1961 [κατ’]
1178 1927 1263 1951 ones
1279 1918 1475 1952 remaz'ned
1485 1917 1566 1951 and

217 1965 375 2010 formed
388 1964 446 1998 tlte
464 1964 564 1998 solid
577 1974 675 1997 mass
692 1964 736 2008 os
745 1963 806 1997 tlte
821 1963 938 1997 earth.

284 2037 444 2088 Quippe
472 2037 617 2077 etenim
647 2039 815 2088 primum
845 2039 958 2077 terrai
988 2050 1151 2088 corpora
1179 2051 1372 2090 quaeque,

231 2111 434 2154 propterea
464 2104 572 2154 quod
602 2110 710 2142 erant
738 2104 867 2153 gravia
897 2110 934 2142 et
964 2105 1157 2153 perplexa,
1189 2104 1349 2144 coibant
1493 2123 1558 2154 450

230 2169 269 2207 in
300 2168 432 2208 medio
460 2175 579 2218 atque
608 2168 705 2207 imas
734 2168 943 2219 capiebant
972 2167 1105 2208 omnia
1135 2168 1265 2217 sedis3

231 2247 332 2284 quae
361 2242 510 2284 quanto
540 2234 662 2284 magis
691 2234 791 2273 inter
820 2247 861 2273 se
890 2235 1071 2284 perplexa
1100 2234 1271 2282 coibant,

230 2307 311 2338 tam
341 2299 463 2349 magis
492 2312 715 2350 expressere
744 2313 789 2338 ea
818 2312 919 2349 quae
948 2312 1054 2338 mare
1083 2299 1210 2338 sidera
1239 2301 1362 2339 solem

230 2363 445 2412 lunamque
465 2362 661 2401 efficerent
690 2370 728 2401 et
757 2362 887 2413 magni
917 2361 1075 2401 moenia
1104 2362 1252 2400 mundi.

231 2428 363 2466 omnia
393 2427 497 2465 enirn
529 2427 650 2477 magis
679 2429 776 2466 haec
805 2441 827 2467 e
856 2428 1006 2466 levibus
1035 2435 1154 2477 atque
1182 2428 1360 2467 rotundis
1492 2446 1557 2477 455

880 2499 927 2535 28
