1827 2796
839 127 914 163 DE
946 126 1145 163 RERVM
1181 126 1412 163 NATVRA
1443 126 1478 160 V

149 230 246 280 quid
274 229 402 280 potuit
430 229 613 269 novitatis
642 241 817 270 amorem
847 229 1064 268 accendere
1095 230 1190 268 tali?

148 301 197 342 at,
220 295 350 342 credo,
372 294 411 332 in
433 294 605 334 tenebris
625 295 703 333 vita
722 308 769 333 ac
789 307 965 333 maerore
985 293 1150 339 iacebat,

149 360 278 399 donec
306 359 445 399 diluxit
474 373 601 399 rerum
630 361 809 410 genitalis
839 359 958 409 origo.
1418 372 1478 406 175

149 425 295 476 quidve
324 425 416 464 mali
444 426 569 464 fuerat
597 424 713 464 nobis
742 437 823 464 non
853 437 938 462 esse
967 423 1137 462 creatis?

149 497 263 529 natus
285 491 389 529 enim
411 490 531 529 debet
551 489 792 540 quicumque
814 496 872 528 est
892 489 992 527 velle
1012 501 1172 528 manere

150 556 189 593 in
218 555 307 603 vita,
339 555 468 594 donec
496 554 680 594 retinebit
709 554 857 594 blanda
886 555 1078 604 voluptas.

149 619 217 670 qui
246 631 465 670 numquam
494 633 586 659 vero
614 621 716 659 vitae
744 620 912 670 gustavit
940 631 1114 658 amorem

149 698 223 724 nec
252 685 324 724 fuit
352 684 392 722 in
422 697 597 733 numero,
629 685 726 735 quid
755 684 869 724 obest
899 697 980 723 non
1010 697 1096 724 esse
1125 685 1333 724 creatum?
1420 691 1481 723 180

149 751 372 800 exemplum
402 763 518 800 porro
547 749 758 801 gignundis
788 750 905 789 rebus
937 757 974 788 et
1004 749 1088 799 ipsa

149 814 307 854 notities
336 815 435 854 divis
461 814 668 854 hominurn
699 815 805 853 unde
836 822 893 853 est
924 814 1038 853 insita
1067 815 1251 865 primum,

149 877 246 928 quid
274 879 419 917 vellent
448 879 574 918 facere
603 886 646 917 ut
675 878 818 917 scirent
847 878 1062 928 animoque
1090 878 1278 924 viderent,

149 955 279 993 quove
309 944 468 982 modost
497 956 686 994 umquam
717 943 773 982 vis
803 943 960 994 cognita
989 942 1271 993 principiorum

149 1008 326 1059 quidque
354 1009 454 1048 inter
483 1022 568 1048 sese
597 1016 819 1058 permutato
849 1008 988 1047 ordine
1017 1017 1189 1058 possent,
1420 1014 1478 1055 185

149 1073 180 1111 si
210 1086 291 1112 non
320 1073 404 1123 ipsa
432 1073 543 1113 dedit
571 1073 771 1124 specimen
802 1080 939 1112 natura
968 1074 1157 1112 creandi?

150 1151 322 1189 namque
351 1139 404 1176 ita
432 1139 556 1177 multa
583 1138 713 1177 modis
744 1137 876 1177 multis
906 1138 1120 1189 primordia
1149 1151 1276 1177 rerum

149 1215 196 1242 ex
225 1202 380 1242 infinito
410 1202 485 1241 iarn
516 1210 695 1254 tempore
724 1203 870 1253 percita
900 1202 1022 1253 plagis

149 1268 472 1319 ponderibusque
500 1269 579 1308 suis
610 1276 850 1308 consuerunt
880 1269 1037 1308 concita
1065 1268 1154 1307 ferri

148 1333 470 1384 omnimodisque
498 1333 604 1373 coire
632 1342 751 1385 atque
780 1333 914 1373 omnia
942 1341 1216 1385 pertemptare,
1419 1351 1481 1382 190

148 1411 425 1450 quaecumque
453 1400 552 1438 inter
581 1413 622 1439 se
651 1407 812 1450 possent
841 1413 1051 1450 congressa
1079 1412 1219 1446 creare,

150 1472 192 1503 ut
221 1477 302 1503 non
332 1465 381 1503 sit
410 1465 552 1503 mirum
582 1464 613 1503 si
642 1464 682 1502 in
712 1464 798 1504 talis
828 1464 1084 1515 disposituras

149 1528 382 1569 deciderunt
411 1541 571 1580 quoque
600 1537 638 1568 et
667 1529 707 1567 in
737 1531 823 1569 talis
852 1543 994 1568 venere
1025 1537 1190 1576 meatus,

148 1594 331 1644 qualibus
360 1594 458 1632 haec
486 1607 614 1632 rerum
644 1595 788 1644 geritur
817 1607 922 1633 nunc
952 1607 1107 1633 summa
1136 1595 1332 1634 novando.

196 1725 231 1759 A
230 1725 327 1770 gain
356 1724 416 1759 the
445 1735 534 1770 very
560 1725 837 1769 z'mpeffections
863 1725 908 1770 of
933 1725 992 1760 tlte
1026 1726 1150 1759 world
1171 1728 1292 1770 prove
1321 1725 1406 1759 tlzat
1434 1726 1483 1759 its

149 1773 313 1806 creatz‘on
330 1774 432 1806 must
448 1771 486 1806 be
502 1772 564 1806 tlze
580 1773 699 1806 result
720 1772 766 1817 of
777 1772 938 1806 natural
957 1783 1083 1807 causes
1106 1772 1187 1807 and
1205 1777 1270 1807 not
1291 1773 1338 1818 of
1353 1773 1482 1806 divine

149 1829 294 1865 agency.
348 1818 444 1863 Only
461 1831 484 1852 a
495 1819 650 1864 portion
667 1820 701 1853 is
717 1819 901 1854 ltabz'table
918 1820 998 1854 and
1000 1821 1053 1864 fit
1070 1824 1105 1853 to
1119 1819 1157 1854 be
1173 1819 1390 1863 cultivated,
1405 1819 1486 1853 and

148 1868 233 1900 that
244 1870 285 1900 at
300 1866 361 1900 the
377 1870 452 1901 cest
465 1867 509 1911 qf
510 1870 623 1911 great
635 1866 768 1900 labour
777 1866 899 1901 wlticlt
917 1867 977 1901 tlte
990 1868 1063 1901 bad
1076 1878 1223 1901 seasons
1239 1867 1336 1912 osten
1348 1867 1485 1901 render

151 1913 293 1947 useless.
344 1913 524 1948 Consz‘der
540 1917 597 1948 too
614 1914 670 1947 all
683 1913 743 1947 the
760 1914 926 1948 miseries
945 1915 987 1959 eff
1001 1914 1065 1958 life
1082 1915 1162 1948 and
1181 1913 1241 1948 the
1262 1914 1423 1959 dangers
1445 1917 1482 1947 lo

150 1961 271 1995 which
296 1971 352 1994 we
376 1971 441 1994 are
464 1960 627 2005 exposed.
678 1960 715 1995 A
721 1973 761 1994 re
785 1960 868 2005 they
894 1961 940 2005 qs
955 1962 1083 1995 divine
1108 1962 1282 2004 creation,
1309 1972 1374 1995 are
1399 1961 1482 2004 tlzey

149 2007 209 2042 tlte
225 2007 332 2041 work
348 2008 391 2052 qs
404 2007 598 2052 beneficent
607 2007 702 2053 gods
717 2009 736 2041 ‚2

209 2103 332 2152 Quod
352 2102 420 2155 (si)
438 2104 516 2141 iarn
540 2116 668 2142 rerum
695 2102 872 2153 ignorem
896 2102 1110 2154 primordia
1134 2116 1234 2154 quae
1259 2104 1348 2149 sint,
1415 2119 1478 2152 195

150 2169 227 2207 hoc
256 2175 388 2207 tamen
418 2181 465 2206 ex
492 2164 586 2218 ipsis
616 2168 713 2207 caeli
742 2168 960 2208 rationibus
989 2168 1117 2207 ausim

149 2233 382 2272 confirmare
409 2232 574 2283 aliisque
603 2246 650 2271 ex
678 2233 795 2272 rebus
825 2234 989 2272 reddere
1017 2233 1160 2280 multis,

150 2311 402 2350 nequaquam
431 2297 547 2337 nobis
576 2298 763 2338 divinitus
792 2311 879 2338 esse
907 2305 1082 2349 paratam

151 2371 329 2403 naturam
360 2376 511 2404 rerum:
551 2371 658 2402 tanta
687 2371 762 2402 stat
792 2363 967 2414 praedita
996 2365 1123 2415 culpa.

150 2428 342 2479 principio
371 2438 562 2479 quantum
593 2429 689 2468 caeli
720 2429 814 2479 tegit
843 2430 1012 2480 impetus
1043 2428 1192 2479 ingens,
1418 2443 1478 2466 200

792 2513 836 2548 19
1304 2510 1325 2536 h
1350 2512 1367 2535 2
