1827 2796
0 1175 96 1241 ,νᾶψι
103 1175 187 1225 mh

258 115 305 153 T.
340 114 585 154 LVCRETI
618 116 752 155 CARI

256 219 399 268 deficit,
432 220 606 271 exspergi
636 233 716 270 quo
745 221 896 271 possint
926 221 1083 260 moenia
1112 222 1261 271 mundi,

254 293 321 324 aut
349 285 425 324 alia
453 285 589 335 quavis
619 292 784 336 possunt
812 285 848 324 vi
877 287 990 336 pulsa
1017 286 1151 337 perire.

256 352 363 390 haud
393 350 506 400 igitur
535 351 601 389 leti
631 352 833 401 praeclusa
862 359 920 390 est
950 352 1066 390 ianua
1095 353 1204 392 caelo

256 428 330 455 nec
359 415 430 454 soli
460 422 662 466 terraeque
690 429 820 466 neque
848 415 934 455 altis
963 416 1144 466 aequoris
1174 418 1301 466 undis,

256 482 325 520 sed
354 487 461 531 patet
490 482 662 520 immane
691 489 730 520 et
758 489 867 520 vasto
896 489 1090 533 respectat
1118 482 1237 522 hiatu.
1522 496 1583 533 375

255 559 375 596 quare
405 545 522 585 etiam
551 546 682 585 nativa
710 554 955 586 necessumst
982 548 1194 586 confiteare

256 613 354 651 haec
384 612 550 660 eadem3
589 625 718 662 neque
747 614 864 660 enim,
897 612 1049 652 mortali
1080 626 1242 664 corpore
1271 626 1373 665 quae
1401 620 1502 661 sunt,

255 689 301 714 ex
331 676 486 715 infinito
515 676 592 714 iam
622 684 799 727 tempore
827 678 957 716 adhuc
986 679 1206 728 potuissent

256 741 438 780 immensi
468 741 615 781 validas
645 742 730 781 aevi
759 750 1014 782 contemnere
1043 744 1142 782 viris.

304 857 395 891 Fz're
413 856 493 890 and
506 860 626 891 water
640 857 737 891 have
755 857 898 898 always
914 859 1058 892 slrz'ven
1077 860 1156 892 ancl
1171 870 1236 893 are
1258 860 1401 904 always
1423 861 1592 904 strz‘vl'ng

259 906 413 949 against
428 904 513 938 eaclz
534 904 648 946 other,
662 904 840 949 probably
859 915 924 938 one
942 905 988 950 os
1001 905 1098 939 them
1122 906 1209 939 will
1230 917 1327 940 some
1352 906 1424 951 day
1443 907 1588 950 destroy

258 952 320 985 the
337 951 470 988 suarm,
489 962 531 985 as
549 951 683 996 legend
696 951 778 985 tells
797 962 841 984 us
858 951 1025 996 lhatfire
1041 954 1170 997 nearly
1188 953 1255 987 did
1266 957 1307 986 at
1320 964 1386 987 one
1400 954 1500 996 lime,
1513 953 1592 987 and

257 1012 279 1032 a
292 998 518 1044 grealflood
531 1002 571 1032 al
588 997 746 1033 another
760 1000 849 1033 lime
862 1012 872 1033 .·
892 999 1070 1044 probably
1085 1000 1180 1034 sllese
1191 1001 1338 1045 legend-v
1348 1012 1412 1034 are
1416 1001 1593 1046 founded

256 1057 303 1079 οη
324 1046 504 1090 realfacl.

313 1125 497 1176 Denique
526 1132 730 1176 tantopere
759 1125 859 1164 inter
887 1139 928 1165 se
957 1139 1047 1164 cum
1079 1127 1246 1165 maxima
1277 1127 1414 1167 mundi
1525 1136 1589 1174 380

256 1200 433 1243 pugnent
463 1192 651 1256 Qbra,
683 1191 749 1242 pio
778 1205 1029 1242 nequaquam
1059 1192 1215 1231 concita
1243 1193 1362 1241 bello,

256 1270 391 1297 nonne
420 1257 529 1296 vides
558 1257 730 1307 aliquam
760 1257 866 1308 longi
895 1257 1117 1297 certaminis
1147 1258 1233 1296 ollis

257 1336 373 1373 posse
401 1322 484 1362 dari
514 1323 662 1362 finem?
700 1324 761 1361 vel
790 1335 881 1361 cum
911 1324 969 1361 sol
998 1331 1036 1362 et
1065 1336 1185 1373 vapor
1213 1323 1342 1362 omnis

257 1387 442 1427 omnibus
472 1387 598 1438 epotis
627 1387 830 1426 umoribus
859 1388 1146 1439 exsuperarint:

260 1454 368 1504 quod
392 1454 519 1492 facere
543 1454 766 1501 intendunt,
794 1465 923 1503 neque
947 1454 1077 1492 adhuc
1102 1461 1244 1492 conata
1267 1460 1490 1504 patrantur:
1527 1461 1589 1501 385

258 1526 411 1557 tantum
441 1518 694 1569 suppeditant
723 1531 859 1557 amnes
889 1519 1067 1569 ultraque
1097 1518 1294 1558 minantur

259 1585 392 1623 omnia
422 1583 609 1623 diluviare
639 1597 685 1622 ex
713 1584 793 1622 alto
822 1583 971 1634 gurgite
1000 1585 1120 1634 ponti,

258 1650 511 1700 nequiquam,
544 1649 729 1699 quoniam
761 1656 956 1688 verrentes
985 1661 1156 1699 aequora
1185 1650 1290 1688 venti

258 1716 495 1754 deminuunt
523 1714 719 1764 radiisque
748 1721 926 1753 retexens
955 1713 1150 1753 aetherius
1180 1715 1251 1761 sol,

259 1789 297 1819 et
326 1780 471 1819 siccare
500 1779 605 1830 prius
634 1780 841 1819 confidunt
870 1780 1004 1818 omnia
1032 1792 1146 1829 posse
1527 1796 1592 1827 390

260 1859 379 1897 quam
409 1847 536 1896 liquor
566 1845 709 1896 incepti
740 1847 864 1896 possit
894 1846 1120 1895 contingere
1151 1846 1281 1883 finem.

259 1919 410 1950 tantum
442 1910 632 1961 spirantes
659 1923 787 1960 aequo
816 1908 1029 1949 certamine
1058 1910 1205 1947 bellum

264 1978 412 2027 magnis
443 1974 561 2028 (inter
590 1974 648 2026 se>
678 1976 727 2014 de
757 1975 872 2013 rebus
903 1986 1061 2013 cernere
1091 1982 1249 2021 certant,

261 2056 352 2080 cum
383 2042 502 2080 semel
534 2041 680 2079 interea
711 2039 823 2078 fuerit
854 2039 1097 2089 superantior
1128 2038 1225 2089 ignis

262 2116 302 2149 et
329 2108 462 2154 semel,
495 2113 536 2145 ut
566 2107 669 2144 fama
698 2113 767 2153 est,
798 2118 910 2144 umor
939 2106 1105 2155 regnarit
1136 2106 1175 2142 in
1205 2104 1315 2143 arvis.
1527 2122 1590 2155 395

261 2172 359 2222 ignis
390 2172 494 2210 enim
525 2170 719 2221 superavit
749 2178 786 2209 et
816 2171 957 2209 ardens
988 2171 1109 2208 multa
1138 2170 1314 2220 perussit,

261 2237 346 2276 avia
375 2250 465 2275 cum
497 2237 743 2275 Phaethonta
774 2248 889 2286 rapax
919 2235 974 2273 vis
1005 2235 1096 2273 solis
1127 2248 1317 2285 equorum

260 2303 417 2341 aethere
446 2301 609 2351 raptavit
638 2310 722 2340 toto
752 2309 950 2351 terrasque
980 2313 1047 2350 per
1076 2300 1215 2339 omnis.

259 2376 297 2406 at
328 2375 435 2417 pater
464 2367 715 2417 omnipotens
745 2367 799 2405 ira
828 2374 910 2405 tum
940 2366 1109 2416 percitus
1138 2366 1214 2404 acri

264 2433 557 2483 magnanimum
590 2432 838 2471 Phaethonta
869 2431 1017 2481 repenti
1047 2430 1219 2469 fulminis
1249 2431 1326 2467 ictu
1528 2445 1595 2477 400

912 2505 957 2539 26
