1827 2796
892 136 967 175 DE
997 136 1199 174 RERVM
1232 135 1466 174 NATVRA
1493 137 1528 173 V

192 240 449 287 flammarum,
482 238 536 278 nil
564 239 616 278 ad
645 238 817 289 speciem
848 247 905 279 est
935 241 1171 279 contractior
1199 239 1310 291 ignis.

193 304 370 356 proinde,
403 305 509 344 calor
538 303 727 355 quoniam
759 303 851 344 solis
881 306 1096 355 lumenque
1126 306 1329 356 profusum
1465 319 1530 353 570

192 369 424 421 perveniunt
454 377 608 408 nostros
638 370 689 409 ad
719 383 856 409 sensus
886 377 924 409 et
953 372 1041 409 loca
1070 372 1254 418 mulcent,

191 436 316 474 forma
346 448 506 485 quoque
535 434 628 473 hinc
658 434 750 473 solis
779 435 900 474 debet
930 436 1120 486 filumque
1149 435 1281 483 videri,

191 501 245 539 nil
274 501 375 539 adeo
405 508 447 538 ut
476 498 602 550 possis
632 501 719 550 p1us
749 507 815 539 aut
845 499 974 539 minus
1002 501 1159 548 addere,
1192 514 1292 540 vere.

191 565 362 615 lunaque
393 566 473 604 sive
503 566 628 604 notho
657 566 776 604 fertur
805 566 892 603 loca
921 564 1070 603 lumine
1099 566 1267 604 lustrans
1464 577 1527 613 575

191 629 271 669 sive
300 643 411 669 suam
441 631 598 680 proprio
628 629 744 668 iactat
774 631 825 669 de
854 643 1018 680 corpore
1047 631 1189 677 lucem,

191 694 386 745 quidquid
416 694 457 734 id
487 702 556 742 est,
588 695 669 734 nilo
698 696 816 734 fertur
847 695 994 734 maiore
1023 696 1145 746 figura

190 773 320 810 quam,
352 760 494 799 nostris
524 761 648 799 oculis
678 773 757 810 qua
785 760 992 807 cernimus,
1025 773 1110 800 esse
1140 762 1305 801 videtur.

189 838 280 863 nam
311 824 415 875 prius
445 824 589 873 onmia,
621 839 724 875 quae
753 827 869 876 longe
899 834 1051 865 semota
1080 834 1235 866 tuemur

187 904 277 929 aera
306 904 373 940 per
403 892 582 937 multum,
615 890 745 941 specie
774 892 938 930 confusa
967 891 1149 931 videntur
1463 900 1529 940 580

191 968 309 1005 quam
340 955 464 993 minui
495 956 616 993 filum.
675 963 913 1006 quapropter
942 957 1036 994 luna
1064 968 1227 995 necesse
1257 965 1326 1004 est,

191 1020 517 1070 quandoquidem
548 1022 692 1059 claram
723 1020 894 1070 speeiem
927 1028 1154 1071 certamque
1184 1022 1348 1072 figuram

190 1085 360 1136 praebet,
394 1093 436 1123 ut
465 1092 523 1124 est
552 1086 629 1124 oris
659 1085 840 1124 extremis
871 1099 1042 1136 cumque
1072 1093 1207 1125 notata

189 1157 415 1200 quantaque
445 1157 628 1200 quantast
658 1149 750 1188 hinc
779 1150 894 1189 nobis
925 1150 1101 1189 videatur
1131 1150 1172 1189 in
1200 1153 1290 1190 alto.

189 1222 388 1265 postremo
418 1228 693 1265 quoscumque
722 1216 831 1254 vides
862 1215 954 1254 hinc
983 1215 1151 1255 aetheris
1181 1215 1308 1267 ignisg
1464 1225 1526 1266 585

188 1279 515 1330 quandoquidem
546 1293 822 1331 quoscumque
852 1281 892 1319 in
922 1280 1031 1320 terris
1063 1282 1260 1320 cernimus
1290 1281 1436 1334 (ignis),

188 1345 285 1384 dum
315 1351 459 1383 tremor
488 1352 546 1384 est
575 1346 711 1393 clarus,
743 1347 839 1385 dum
870 1345 1040 1385 cernitur
1067 1347 1184 1385 ardor
1214 1359 1361 1394 eorum,

189 1422 423 1460 perparvum
452 1409 644 1460 quiddam
673 1410 871 1449 interdum
903 1418 1054 1450 mutare
1084 1411 1267 1450 videntur

187 1475 349 1513 alteram
379 1482 506 1513 utram
536 1476 576 1513 in
605 1483 754 1525 partem
786 1476 906 1522 filum,
939 1488 1019 1525 quo
1049 1475 1202 1526 longius
1231 1476 1399 1515 absunt:

189 1541 287 1578 scire
318 1539 408 1578 licet
437 1553 627 1590 perquam
657 1539 828 1590 pauxillo
857 1553 974 1591 posse
1003 1539 1176 1580 minores
1462 1558 1527 1591 590

189 1617 274 1642 esse
304 1605 364 1642 vel
393 1604 532 1654 exigua
560 1603 726 1644 maiores
756 1612 865 1655 parte
895 1604 1093 1655 brevique.

242 1740 396 1786 Tlcouglz
416 1741 475 1775 tlze
491 1752 562 1775 sun
581 1742 614 1776 is
631 1741 749 1786 really
765 1753 803 1775 so
820 1752 911 1785 very
925 1742 1049 1785 small,
1070 1743 1101 1776 it
1115 1741 1149 1776 is
1167 1741 1247 1776 able
1265 1746 1301 1777 to
1317 1743 1407 1777 emit
1416 1746 1532 1788 great

189 1787 277 1822 beat
292 1790 422 1834 owing
434 1792 471 1822 to
495 1799 562 1823 one
581 1789 628 1833 of
643 1789 745 1823 three
766 1799 892 1823 causes
904 1801 917 1823 .·
952 1789 1004 1833 (1)
1025 1790 1085 1823 tlze
1104 1800 1177 1824 sun
1202 1790 1236 1824 is
1252 1789 1313 1824 tlte
1330 1789 1533 1824 well-head

190 1839 225 1869 to
242 1835 364 1870 wlzz'ch
382 1835 439 1869 all
453 1835 596 1880 tlzefire
613 1836 725 1881 ofthe
742 1835 867 1870 world
868 1835 1012 1881 fl0ws;
1039 1836 1089 1880 (2)
1109 1837 1170 1870 the
1187 1837 1251 1870 air
1271 1848 1366 1871 near
1380 1837 1440 1871 tlze
1457 1848 1529 1871 sun

191 1881 414 1926 catchesfire
431 1883 509 1916 and
522 1885 682 1917 receives
699 1883 759 1917 the
775 1882 863 1917 lzeat
877 1884 922 1928 os
936 1882 996 1917 llze
1012 1894 1084 1918 scm
1092 1895 1113 1925 ,-
1140 1884 1190 1927 (3)
1209 1883 1310 1918 there
1332 1885 1366 1918 is
1383 1896 1405 1917 α
1423 1884 1531 1930 large

191 1933 348 1963 amount
362 1929 408 1974 of
415 1930 591 1964 invisible
613 1930 701 1964 laeat
722 1930 848 1964 round
867 1930 927 1965 tlte
948 1941 1020 1965 sun
1045 1931 1262 1976 z‘ncreasing
1280 1930 1341 1965 llze
1364 1930 1529 1966 warmtlz

191 1976 256 2010 bul
271 1979 336 2010 not
352 1976 412 2010 tlze
428 1976 527 2021 lzglzt
535 1978 652 2022 given
671 1977 714 2022 by
733 1977 792 2011 tlte
809 1988 891 2012 sun.

247 2062 351 2100 Illud
380 2060 474 2100 item
503 2075 584 2100 non
614 2070 672 2101 est
702 2064 935 2111 mirandum,
968 2076 1047 2113 qua
1075 2062 1226 2102 ratione

194 2127 366 2164 tantulus
396 2125 460 2164 ille
489 2134 607 2176 queat
636 2135 790 2166 tantum
821 2129 879 2165 sol
909 2127 1063 2167 mittere
1092 2129 1238 2174 lumen,

193 2192 302 2241 quod
332 2191 454 2229 maria
481 2205 528 2230 ac
557 2200 676 2231 terras
707 2193 835 2231 omnis
865 2194 1101 2243 caelumque
1130 2194 1295 2244 rigando

193 2257 389 2306 compleat
419 2263 457 2294 et
486 2256 616 2296 calido
645 2258 856 2308 perfundat
885 2264 1030 2296 cuncta
1058 2270 1214 2308 vapore.
1463 2274 1526 2308 595

193 2333 285 2358 nam
314 2320 405 2359 licet
434 2320 526 2360 hinc
556 2322 695 2361 mundi
724 2323 965 2372 patefactum
995 2322 1114 2361 totius
1144 2336 1267 2362 unum
1464 2336 1528 2372 597

194 2383 413 2435 largifluum
443 2387 593 2426 fontem
624 2395 772 2427 scatere
801 2395 921 2438 atque
951 2400 1154 2438 erumpere
1183 2389 1329 2434 lumen,

195 2463 240 2488 ex
270 2449 378 2488 omni
409 2453 560 2491 mundo
589 2453 680 2503 quia
711 2452 766 2492 sic
796 2454 992 2492 elementa
1020 2453 1174 2504 vaporis

260 2527 337 2546 Luca,
359 2516 395 2544 v*
832 2531 878 2567 33
1396 2531 1418 2556 C
