1827 2796
892 122 966 160 DE
997 121 1200 160 RERVM
1232 121 1466 159 NATVRA
1495 120 1532 156 V

201 226 417 267 seminibus
447 227 652 277 multoque
682 226 889 265 minoribu'
919 234 1009 265 sunt
1038 227 1242 266 elementis

201 305 321 343 quam
350 292 475 330 tellus.
534 290 635 339 ideo,
668 305 736 342 per
764 303 848 330 rara
876 291 1077 340 foramina,
1109 299 1232 331 terrae
1253 311 1291 358 7!
1314 313 1324 320 v>

201 356 376 408 partibus
406 369 615 407 erumpens
645 355 792 407 primus
823 369 864 395 se
893 355 1049 395 sustulit
1076 358 1211 396 aether

202 422 339 473 ignifer
367 430 406 461 et
435 422 579 461 multos
608 434 742 461 secum
769 421 863 461 levis
891 422 1051 461 abstulit
1080 422 1193 473 ignis,

202 501 283 527 non
312 487 387 526 alia
415 488 531 538 longe
560 487 709 526 ratione
738 500 784 525 ac
813 499 929 537 saepe
959 488 1149 534 videmus,
1467 491 1534 533 460

202 566 319 592 aurea
348 566 439 591 cum
468 551 638 603 primum
666 551 901 603 gemmantis
931 565 1016 591 rore
1045 565 1113 603 per
1142 552 1282 592 herbas
1320 558 1414 574 ν’

204 617 395 657 matutina
423 618 564 656 rubent
594 617 731 656 radiati
762 617 910 656 lumina
939 619 1031 656 solis

203 684 465 732 exhalantque
494 683 601 721 lacus
630 682 817 721 nebulam
847 681 1034 733 fluviique
1063 695 1266 734 perennes,

203 747 366 798 ipsaque
395 755 437 786 ut
467 748 664 787 interdum
694 749 808 787 tellus
839 748 988 787 fumare
1017 748 1194 796 videtur3

204 812 338 852 onmia
366 825 467 863 quae
497 826 649 852 sursum
679 826 770 852 cum
800 812 1070 860 conciliantur,
1102 813 1141 852 in
1171 815 1251 852 alto
1469 819 1533 861 465

203 891 367 928 corpore
396 886 581 917 concreto
611 878 824 917 subtexunt
853 878 989 917 nubila
1017 881 1180 918 caelum.

205 942 259 982 sic
289 942 403 993 igitur
432 950 515 982 tum
546 957 587 983 se
616 943 710 982 levis
740 957 785 982 ac
814 943 993 982 diffusilis
1022 945 1156 984 aether

205 1021 367 1059 corpore
396 1016 580 1048 concreto
609 1009 874 1048 circumdatus
903 1010 1080 1059 undique
1109 1009 1213 1049 flexit

205 1082 242 1113 et
272 1075 348 1113 late
377 1074 541 1113 diffusus
570 1073 610 1112 in
639 1074 768 1112 omnis
798 1073 975 1124 undique
1003 1074 1121 1124 partis

206 1140 340 1178 omnia
368 1139 423 1177 sic
451 1138 568 1178 avido
597 1140 805 1189 complexu
835 1146 964 1178 cetera
993 1138 1148 1190 saepsit.
1189 1148 1231 1204 ,ς’
1473 1152 1539 1187 470

207 1206 312 1244 hunc
342 1206 500 1244 exordia
529 1212 619 1243 sunt
648 1204 740 1243 solis
770 1206 966 1255 lunaeque
995 1212 1139 1252 secuta,

205 1271 490 1321 interutrasque
518 1270 625 1321 globi
655 1283 824 1320 quorum
853 1277 1054 1309 vertuntur
1084 1271 1122 1308 in
1152 1272 1280 1318 auris;

207 1349 308 1387 quae
336 1348 466 1387 neque
495 1343 594 1375 terra
623 1335 697 1374 sibi
725 1335 890 1375 adscivit
920 1349 993 1375 nec
1022 1337 1215 1376 maximus
1244 1337 1388 1383 aether,

207 1402 316 1453 quod
345 1414 474 1452 neque
503 1408 583 1440 tam
612 1402 768 1440 fuerunt
796 1402 927 1452 gravia
955 1409 997 1440 ut
1025 1402 1210 1452 depressa
1238 1403 1432 1448 sederent,

207 1480 281 1507 nec
309 1466 410 1506 levia
437 1474 480 1505 ut
508 1474 668 1516 possent
696 1479 764 1517 per
793 1479 966 1505 summas
995 1466 1117 1505 labier
1144 1480 1242 1515 oras,
1476 1480 1538 1515 475

209 1540 247 1572 et
276 1540 409 1572 tamen
438 1531 726 1582 interutrasque
756 1531 809 1570 ita
838 1540 928 1571 sunt
958 1540 1000 1571 ut
1028 1545 1193 1582 corpora
1220 1533 1307 1571 viva

209 1606 361 1638 versent
392 1605 429 1637 et
459 1604 587 1648 partes
617 1604 660 1636 ut
690 1597 829 1636 mundi
859 1598 978 1636 totius
1009 1604 1191 1646 exstent3

209 1664 318 1713 quod
345 1676 469 1714 genus
498 1662 538 1701 in
568 1661 683 1701 nobis
712 1663 908 1713 quaedam
937 1662 1027 1701 licet
1057 1663 1096 1701 in
1126 1663 1294 1702 statione

170 1734 172 1736 ’
210 1729 387 1768 membra
416 1741 586 1776 manere,
617 1736 748 1767 tamen
778 1741 869 1767 cum
899 1729 976 1767 sint
1005 1742 1051 1767 ea
1079 1741 1180 1779 quae
1210 1735 1449 1769 moveantur.

211 1794 271 1833 his
301 1794 415 1845 igitur
443 1793 559 1833 rebus
588 1792 762 1832 retractis
791 1800 890 1833 terra
920 1801 1091 1844 repente,
1477 1801 1544 1841 480

212 1859 381 1899 maxima
410 1873 488 1910 qua
516 1873 622 1898 nunc
651 1872 693 1898 se
722 1860 833 1910 ponti
862 1860 976 1909 plaga
1005 1860 1158 1899 caerula
1187 1859 1324 1907 tendit,

211 1923 378 1965 succidit
407 1932 444 1964 et
475 1926 576 1964 salso
606 1925 767 1965 suffudit
795 1926 945 1976 gurgite
974 1926 1108 1964 fossas.

212 1990 332 2042 inque
360 1990 444 2030 dies
474 1998 622 2041 quanto
651 1992 798 2030 circum
829 1990 951 2041 magis
980 1990 1147 2029 aetheris
1176 1997 1306 2029 aestus

212 2062 251 2094 et
280 2054 377 2094 radii
406 2055 497 2094 solis
527 2056 722 2107 cogebant
750 2056 926 2105 undique
955 2063 1096 2094 terram

213 2120 440 2160 verberibus
469 2118 613 2159 crebris
643 2127 815 2159 extrema
843 2121 894 2159 ad
923 2119 1059 2158 limina
1087 2119 1128 2158 in
1155 2127 1295 2167 artum,
1479 2127 1545 2169 485

213 2187 253 2224 in
283 2187 416 2225 medio
445 2193 487 2224 ut
516 2187 700 2236 propulsa
728 2199 800 2224 suo
828 2186 1030 2224 condensa
1058 2186 1189 2232 coiret,

214 2258 294 2289 tam
323 2250 446 2302 magis
476 2263 679 2301 expressus
711 2252 834 2290 salsus
863 2252 914 2290 de
942 2264 1106 2301 corpore
1135 2251 1256 2290 sudor

214 2316 382 2367 augebat
410 2329 516 2355 mare
546 2317 745 2355 manando
775 2329 1016 2367 camposque
1045 2315 1226 2363 natantis,

216 2387 254 2420 et
284 2387 392 2420 tanto
421 2380 543 2432 magis
573 2382 637 2420 illa
666 2383 766 2421 foras
795 2383 927 2433 elapsa
954 2381 1140 2421 volabant

217 2459 379 2497 corpora
409 2447 530 2486 multa
560 2448 712 2497 vaporis
742 2454 780 2487 et
809 2449 906 2486 aeris
936 2447 1092 2497 altaque
1121 2447 1218 2486 caeli
1482 2462 1549 2494 490

864 2530 911 2567 ²9
