1827 2796
6 964 168 1037 ψονκᾳὰ

838 131 913 168 DE
944 130 1147 168 RERVM
1180 130 1413 168 NATVRA
1444 131 1481 166 V

150 233 290 284 Pythia
319 246 420 284 quae
449 233 603 284 tripode
632 246 656 272 a
687 233 837 273 Phoebi
867 235 1056 286 lauroque
1086 234 1272 285 profatur,

150 300 273 338 multa
302 297 372 338 tibi
402 298 609 349 expediam
639 298 766 338 doctis
797 299 941 339 solacia
970 299 1086 339 dictis
1101 315 1110 349 3

149 363 335 414 religione
363 364 578 403 refrenatus
609 377 659 403 ne
688 365 787 404 forte
816 364 932 404 rearis

147 436 266 468 terras
296 436 334 468 et
364 429 488 468 solem
517 436 556 469 et
585 431 752 476 caelum,
785 442 890 469 mare
919 430 1046 469 sidera
1076 431 1223 477 lunam.
1419 445 1478 477 115

149 507 312 546 corpore
341 493 476 533 divino
507 494 652 534 debere
681 501 839 533 aeterna
869 507 1039 542 manere,

147 568 432 612 proptereaque
461 567 574 610 putes
604 559 678 598 ritu
709 573 776 610 par
806 572 891 599 esse
920 559 1136 610 Gigantum

146 627 318 676 pendere
348 638 415 664 eos
445 637 592 675 poenas
623 624 785 663 immani
816 638 886 676 pro
916 626 1062 664 scelere
1092 624 1221 664 omnis

145 691 212 741 qui
242 692 393 730 ratione
423 703 493 729 sua
522 689 742 729 disturbent
774 691 931 729 moenia
961 691 1099 730 mundi

145 757 466 807 praeclarumque
497 755 616 795 velint
646 756 743 795 caeli
774 755 1012 807 restinguere
1043 757 1165 796 solem
1418 771 1478 793 120

145 820 380 862 immortalia
410 822 562 861 mortali
593 834 774 860 sermone
804 829 1012 869 notante53

144 899 245 937 quae
275 888 411 938 procul
440 900 565 937 usque
594 887 696 926 adeo
725 886 860 926 divino
890 899 912 925 a
942 887 1106 926 numine
1136 886 1293 933 distant,

145 950 263 1003 'nque
292 953 411 992 deum
443 965 607 991 numero
637 964 738 1002 quae
768 953 844 990 sint
874 951 1036 1002 indigna
1065 952 1258 998 videntur,

145 1017 324 1065 Qitiam
355 1017 486 1068 potius
516 1016 704 1067 praebere
734 1024 775 1055 ut
805 1029 921 1067 posse
951 1023 1138 1067 putentur
1175 1005 1422 1061 ww

143 1082 239 1132 quid
269 1082 317 1121 sit
346 1082 451 1120 vitali
482 1089 591 1121 motu
622 1094 819 1132 sensuque
849 1089 1057 1122 remotum.
1415 1097 1450 1120 12
1460 1098 1476 1130 5

141 1147 288 1199 quippe
318 1147 465 1186 etenim
495 1160 576 1186 non
606 1155 675 1195 est,
708 1160 798 1186 cum
829 1148 969 1198 quovis
1000 1159 1164 1199 corpore
1195 1155 1236 1186 ut
1267 1159 1351 1186 esse

141 1225 258 1263 posse
286 1211 408 1251 animi
438 1219 575 1251 natura
605 1219 762 1263 putetur
790 1212 1107 1264 consiliumque3

141 1276 241 1317 sicut
270 1277 310 1316 in
339 1278 497 1318 aethere
527 1291 607 1317 non
634 1278 759 1326 arbor,
793 1292 874 1318 non
903 1291 1076 1330 aequore
1106 1279 1208 1318 salso

142 1343 268 1383 nubes
298 1356 384 1383 esse
412 1350 563 1394 queunt
593 1357 722 1394 neque
752 1343 878 1395 pisces
908 1343 1038 1384 vivere
1067 1345 1107 1382 in
1137 1344 1235 1382 arvis

142 1421 215 1448 nec
244 1422 357 1448 cruor
386 1408 426 1447 in
456 1408 570 1459 lignis
599 1421 730 1460 neque
759 1409 859 1448 saxis
890 1422 1006 1448 sucus
1037 1409 1179 1449 inesse.
1415 1423 1474 1454 130

140 1482 290 1514 certum
319 1487 365 1512 ae
395 1473 669 1524 dispositumst
698 1474 767 1513 ubi
797 1473 987 1526 quicquid
1017 1481 1166 1514 crescat
1195 1480 1233 1514 et
1263 1472 1364 1512 insit.

141 1540 196 1578 sic
224 1538 346 1578 animi
376 1545 514 1578 natura
543 1538 680 1590 nequit
710 1540 795 1578 sine
823 1552 988 1591 corpore
1018 1539 1108 1578 oriri

140 1605 223 1642 sola
252 1616 382 1655 neque
409 1617 433 1642 a
461 1603 588 1643 nervis
617 1611 656 1643 et
685 1605 875 1655 sanguine
904 1604 1059 1655 longius
1089 1616 1185 1643 esse.

139 1669 249 1720 quod
278 1669 309 1708 si
338 1676 471 1720 posset
501 1670 618 1717 enim,
650 1670 776 1708 multo
805 1669 911 1720 prius
940 1669 1025 1720 ipsa
1053 1669 1175 1709 animi
1206 1670 1262 1708 vis

139 1734 179 1773 in
208 1735 337 1785 capite
366 1741 433 1773 aut
462 1735 606 1773 umeris
635 1742 701 1773 aut
731 1734 819 1773 imis
849 1735 1023 1774 calcibus
1054 1747 1140 1774 esse
1413 1748 1470 1782 135

139 1807 272 1850 posset
301 1806 340 1839 et
370 1799 520 1839 innasci
550 1801 686 1851 quavis
716 1801 756 1839 in
786 1807 896 1851 parte
926 1802 1081 1848 soleret,

139 1866 300 1905 tandem
330 1866 369 1903 in
399 1866 540 1905 eodem
571 1866 732 1905 homine
761 1873 880 1917 atque
910 1865 949 1904 in
980 1867 1123 1906 eodem
1153 1878 1245 1904 vase
1275 1876 1445 1904 manere.

139 1931 249 1980 quod
277 1929 466 1981 quoniam
496 1937 630 1970 nostro
660 1944 820 1982 quoque
849 1938 1005 1970 constat
1034 1943 1199 1982 corpore
1228 1937 1378 1970 eertum

138 1994 456 2047 dispositumque
485 1996 637 2036 videtur
666 1997 734 2036 ubi
765 2010 850 2036 esse
879 2004 918 2036 et
947 2009 1122 2036 crescere
1150 1995 1274 2046 possit

138 2073 290 2099 sorsum
319 2060 451 2100 anima
478 2068 598 2112 atque
626 2061 792 2109 animus,
823 2069 934 2101 tanto
964 2061 1086 2112 magis
1116 2060 1367 2100 infitiandum
1408 2074 1470 2107 140

138 2132 266 2164 totum
295 2138 412 2175 posse
441 2133 548 2164 extra
576 2140 717 2177 corpus
748 2128 995 2177 formamque
1023 2127 1236 2166 animalem

141 2190 321 2241 putribus
350 2189 391 2228 in
419 2190 543 2240 glebis
573 2198 760 2230 terrarum
789 2199 857 2230 aut
886 2192 978 2230 solis
1008 2190 1048 2229 in
1078 2190 1157 2241 igni

136 2261 204 2293 aut
232 2254 272 2293 in
301 2268 404 2306 aqua
433 2256 572 2295 durare
601 2263 668 2294 aut
696 2255 783 2295 altis
811 2255 978 2296 aetheris
1008 2255 1096 2295 oris.

137 2320 244 2360 haud
274 2319 388 2371 igitur
416 2328 601 2360 constant
630 2321 764 2361 divino
794 2321 971 2371 praedita
1000 2334 1129 2368 sensu,

138 2385 464 2436 quandoquidem
494 2394 697 2437 nequeunt
726 2387 891 2426 vitaliter
921 2398 1006 2426 esse
1035 2387 1217 2425 animata.
1407 2402 1467 2433 145

205 2523 284 2546 Lucu.
305 2516 343 2542 ν*
782 2526 794 2550 1
808 2526 824 2561 7
1337 2523 1356 2548 Β
