1827 2796
257 100 302 136 T.
337 98 582 137 LVCRETI
615 100 749 138 CARI

255 215 301 241 ex
331 203 486 241 infinito
515 215 616 253 quae
644 211 822 253 tempore
852 204 1152 253 pertolerassent

254 269 389 307 omnia
417 275 613 307 tormenta
641 267 778 307 aetatis
807 268 955 318 privata
984 269 1145 318 fragore.

301 365 411 400 Some
427 377 493 411 say
510 366 569 400 the
586 366 689 401 ether
707 365 829 401 which
849 366 1059 400 surrounds
1080 365 1302 413 everything
1320 367 1438 414 begets
1454 365 1584 412 things

254 413 334 447 and
354 414 512 448 receives
534 413 631 448 them
655 414 742 448 back
765 414 881 459 again
905 413 1005 458 aster
1024 414 1274 448 destruction:
1299 414 1401 449 ether
1421 418 1479 449 too
1495 415 1583 448 then

253 459 412 504 changes
428 462 508 495 and
520 465 621 495 must
636 460 814 505 therefore
828 461 866 494 be
883 461 1031 504 mortal,
1045 472 1087 495 as
1103 462 1159 495 all
1167 461 1294 507 things
1308 472 1371 496 are
1383 462 1506 496 which
1517 473 1583 496 are

252 507 391 552 subject
405 512 442 542 to
459 508 622 542 increase
638 508 716 542 and
729 509 903 543 decrease.

308 577 493 627 Denique
522 576 599 615 iarn
628 584 737 616 tuere
765 578 857 625 hoc,
885 578 1031 616 circum
1062 589 1258 628 supraque
1284 578 1393 627 quod
1422 590 1582 617 omnem

252 641 428 681 continet
456 644 639 693 amplexu
668 650 832 682 terram:
872 642 903 681 si
933 651 1110 693 procreat
1139 656 1185 681 ex
1214 655 1255 682 se

251 708 395 754 omnia,
428 708 536 757 quod
565 709 728 758 quidam
757 716 987 756 memorant,
1019 708 1236 759 recipitque
1264 716 1476 759 perempta,
1519 725 1585 755 320

251 778 379 809 toturn
408 772 541 810 nativo
569 785 615 811 ac
644 773 798 811 mortali
827 785 990 823 corpore
1019 781 1183 813 constat.

251 849 342 874 nam
373 837 655 888 quodcumque
683 837 777 876 alias
806 851 853 876 ex
882 851 924 877 se
952 851 1012 877 res
1040 846 1156 889 auget
1184 838 1341 889 alitque,

250 901 427 941 deminui
457 903 590 950 debet,
619 904 791 950 recreari,
823 916 913 942 cum
943 903 1080 954 recipit
1108 917 1177 943 res.

298 1011 434 1056 Surely
444 1012 487 1057 zf
493 1012 553 1046 the
570 1013 696 1047 world
707 1013 789 1047 had
800 1014 942 1058 always
955 1014 1099 1049 existed
1093 1014 1202 1059 from
1216 1015 1363 1060 infinite
1380 1016 1468 1050 time
1477 1017 1580 1060 past,

249 1058 393 1104 history
425 1059 556 1094 would
577 1071 630 1106 go
650 1059 810 1106 further
841 1060 938 1095 back.
988 1062 1085 1096 Arts
1117 1063 1198 1096 mid
1221 1063 1376 1098 sciences
1405 1074 1468 1096 are
1500 1061 1584 1096 still

242 1107 498 1152 progressing‚
518 1106 576 1141 the
599 1107 723 1141 world
738 1108 825 1142 then
848 1109 881 1142 is
896 1108 1076 1153 probably
1091 1119 1247 1154 young:
1275 1121 1319 1143 or
1335 1109 1373 1155 is
1384 1110 1485 1144 there
1500 1120 1581 1143 was

249 1163 272 1185 a
290 1155 473 1197 previous
495 1155 728 1189 civilieation
751 1154 872 1189 which
895 1155 964 1189 has
987 1155 1069 1189 been
1087 1156 1280 1201 destroyed
1295 1157 1337 1202 by
1354 1168 1451 1191 some
1468 1161 1582 1202 great

248 1200 481 1245 catastrophe
498 1201 543 1246 of
551 1205 697 1244 nature,
712 1202 772 1236 the
789 1202 914 1237 world
926 1202 1036 1248 being
1052 1202 1161 1237 liable
1174 1208 1210 1237 to
1220 1203 1318 1238 these
1330 1203 1580 1248 catastrophe-r

247 1246 336 1281 will
348 1258 445 1282 some
461 1248 509 1281 da
504 1259 534 1293 y
551 1248 590 1282 be
605 1249 798 1294 destroyed
812 1250 854 1294 by
871 1260 948 1293 one,
958 1250 1044 1293 just
1061 1261 1103 1284 as
1119 1251 1276 1285 mortals
1293 1252 1403 1296 being
1416 1250 1526 1285 lz'able
1544 1253 1580 1284 to

247 1294 387 1329 disease
403 1306 500 1329 some
515 1295 563 1329 da
558 1307 589 1340 y
605 1297 664 1330 die
680 1297 724 1341 eff
737 1308 812 1330 one.

303 1365 507 1403 Praeterea
537 1365 567 1402 si
597 1365 704 1404 nulla
733 1365 805 1403 fuit
833 1365 1011 1415 genitalis
1041 1365 1150 1416 origo

247 1436 434 1468 terrarum
465 1437 503 1468 et
532 1429 630 1469 caeli
660 1443 894 1481 semperque
922 1438 1081 1470 aeterna
1109 1432 1226 1479 fuere,
1515 1447 1578 1480 325

247 1507 315 1533 cur
344 1507 484 1546 supera
512 1495 660 1534 bellurn
690 1496 929 1535 Thebanum
960 1503 997 1535 et
1026 1497 1163 1535 funera
1189 1497 1333 1536 Troiae

246 1573 326 1598 non
355 1559 450 1598 alias
480 1560 543 1598 alii
572 1573 732 1610 quoque
762 1574 821 1600 res
851 1562 1028 1600 cecinere
1056 1564 1225 1612 poetae?

246 1639 326 1676 quo
356 1633 414 1664 tot
439 1626 542 1664 facta
571 1626 695 1665 virum
725 1626 867 1666 totiens
897 1628 1075 1666 cecidere
1104 1641 1234 1678 neque
1262 1641 1428 1679 usquam

246 1691 412 1730 aeternis
443 1692 569 1730 famae
598 1692 867 1731 monumentis
897 1692 1012 1731 insita
1041 1693 1209 1731 florent?

245 1769 392 1804 verum,
424 1763 466 1795 ut
496 1757 647 1806 opinor,
679 1757 799 1797 habet
828 1757 1043 1796 novitatem
1073 1771 1228 1797 summa
1249 1770 1464 1809 recensque
1513 1776 1576 1807 330

245 1829 420 1860 naturast
448 1822 586 1861 mundi
616 1835 746 1873 neque
775 1823 927 1873 pridem
958 1824 1116 1863 exordia
1144 1824 1259 1874 cepit.

247 1899 368 1937 quare
398 1886 516 1926 etiam
547 1888 743 1937 quaedam
773 1901 880 1926 nunc
909 1895 1009 1927 artes
1039 1888 1302 1939 expoliuntur,

245 1965 351 1990 nunc
381 1953 498 1991 etiam
527 1960 770 2003 augescunt3
807 1966 913 1991 nunc
942 1953 1076 1992 addita
1105 1955 1267 2004 navigiis
1297 1963 1386 1994 sunt

246 2018 379 2065 multa,
411 2018 532 2056 modo
561 2018 733 2068 organici
763 2017 924 2057 melicos
953 2031 1138 2069 peperere
1167 2032 1339 2059 sonores.

245 2083 417 2132 denique
444 2089 581 2121 natura
610 2083 707 2121 haec
737 2096 864 2121 rerum
894 2084 1071 2134 ratioque
1100 2092 1286 2134 repertast
1512 2101 1574 2134 335

245 2160 379 2198 nuper,
411 2155 448 2186 et
477 2148 579 2186 hanc
609 2147 756 2198 primus
785 2161 876 2187 cum
906 2148 1040 2199 primis
1069 2148 1153 2200 ipse
1182 2157 1355 2200 repertus

243 2225 350 2250 nunc
379 2225 452 2262 ego
481 2226 567 2251 sum
598 2214 638 2251 in
668 2214 809 2264 patrias
839 2214 905 2264 qui
935 2214 1082 2264 possim
1114 2223 1262 2254 vertere
1290 2228 1418 2255 voces,

243 2277 352 2327 quod
381 2278 411 2315 si
440 2277 538 2316 forte
567 2278 686 2317 fuisse
713 2279 880 2317 antehac
909 2280 1048 2318 eadem
1077 2280 1212 2318 omnia
1241 2281 1378 2329 credis,

243 2342 312 2380 sed
342 2341 503 2391 periisse
532 2342 738 2381 hominum
768 2344 929 2383 torrenti
959 2345 1086 2383 saecla
1115 2357 1268 2395 vapore,

243 2413 308 2445 aut
337 2405 527 2445 cecidisse
556 2407 661 2445 urbis
692 2421 835 2458 niagno
864 2408 1068 2447 vexamine
1097 2411 1245 2456 mundi,
1511 2426 1573 2459 340

884 2487 930 2520 24
