1827 2796
388 471 499 520 DE
565 471 871 520 RERVM
935 471 1309 520 NATVRA

693 582 912 630 LIBER
959 582 1006 629 V

229 717 291 751 No
316 727 383 752 one
408 727 475 751 can
502 716 720 761 adequately
737 717 868 761 praise
894 727 954 761 my
980 720 1121 750 master
1143 716 1346 761 Epicurus,
1372 715 1456 751 who
1480 717 1514 750 is

183 764 244 798 the
246 764 422 810 founder
438 764 481 809 of
493 764 553 798 the
569 764 657 810 only
665 763 867 809 philosoph
863 775 892 808 y
903 764 1024 798 worth
1020 775 1049 808 y
1060 764 1106 809 of
1114 763 1173 797 the
1190 775 1308 805 name,
1320 763 1513 798 inasmuclc

183 822 224 845 as
241 812 285 845 he
302 811 484 846 bestowed
484 811 559 856 fizr
568 816 723 857 greater
739 811 883 855 benefits
906 821 952 844 on
976 811 1162 845 mankind
1181 811 1273 844 than
1297 810 1368 845 did
1380 811 1440 844 the
1456 822 1512 844 so-

182 858 303 893 called
316 859 411 903 gods
436 859 604 893 Bacchus
628 858 709 892 and
736 858 842 892 Ceres
871 858 951 891 and
977 858 1168 892 Hercules.
1227 857 1340 892 Their
1367 859 1515 902 benefits

183 916 280 939 <were
313 906 449 950 merely
475 906 667 950 temporal‚
696 905 757 939 his
781 916 846 938 are
870 905 1063 949 spiritual,
1084 906 1155 950 sor
1184 905 1226 949 oy
1249 905 1420 949 gm'ding
1444 916 1515 938 our

183 952 306 987 minds
327 952 494 986 towards
515 952 620 997 right
642 963 771 986 reason
794 951 839 985 he
853 952 969 996 freed
987 963 1031 985 us
1041 952 1151 997 from
1171 953 1412 996 superstition
1437 952 1516 985 am!

181 1000 260 1034 evil
266 1002 453 1044 passions.
505 1000 640 1044 Surely
657 999 742 1034 then
770 998 812 1032 he
834 1000 867 1032 is
878 999 957 1042 sar
977 1010 1076 1032 more
1101 999 1245 1044 tom-my
1268 997 1360 1033 than
1378 998 1460 1044 they
1478 1002 1513 1033 to

182 1048 219 1081 be
236 1047 457 1081 reverenced
468 1058 509 1081 as
526 1059 550 1080 a
558 1046 644 1092 god.

238 1128 342 1176 QVIS
371 1128 473 1178 potis
503 1134 561 1166 est
590 1127 754 1177 dignum
783 1126 947 1176 pollenti
977 1133 1136 1176 pectore
1165 1138 1322 1165 carmen

181 1193 354 1232 condere
382 1205 453 1242 pro
482 1205 610 1230 rerum
641 1191 845 1231 maiestate
874 1192 1014 1242 hisque
1044 1191 1234 1241 repertis?

183 1259 321 1309 quisve
349 1258 450 1296 valet
481 1256 607 1296 verbis
636 1264 789 1296 tantum
820 1258 887 1307 qui
918 1257 1064 1307 fingere
1093 1256 1229 1296 laudes

182 1336 253 1374 pro
283 1323 429 1362 meritis
459 1323 542 1362 eius
571 1323 695 1374 possit
724 1323 791 1373 qui
821 1321 912 1361 talia
942 1321 1057 1360 nobis

181 1395 340 1440 pectore
369 1396 479 1439 parta
508 1401 580 1427 suo
610 1387 866 1439 quaesitaque
896 1387 1069 1438 praemia
1099 1388 1242 1437 liquit?
1496 1403 1512 1434 5

183 1467 312 1502 nemo,
344 1461 387 1492 ut
415 1453 567 1504 opinor,
598 1453 669 1492 erit
698 1453 852 1491 mortali
883 1465 1046 1503 corpore
1075 1460 1214 1491 cretus

182 1532 274 1557 nam
304 1518 346 1565 si,
378 1526 420 1557 ut
449 1518 533 1569 ipsa
562 1517 659 1568 petit
688 1517 870 1556 maiestas
900 1518 1056 1568 cognita
1086 1531 1226 1563 rerum,

182 1583 398 1624 dicendum
428 1591 497 1631 est,
529 1584 627 1622 deus
658 1582 721 1622 ille
751 1582 833 1631 fuit,
867 1583 976 1631 deus,
1004 1582 1151 1622 inclute
1182 1582 1361 1630 Memmi,

182 1649 250 1700 qui
278 1649 460 1700 princeps
490 1647 592 1687 vitae
621 1649 812 1687 rationem
844 1647 992 1687 invenit
1022 1661 1108 1687 eam
1139 1660 1241 1698 quae

182 1727 289 1753 nunc
318 1715 535 1764 appellatur
564 1713 766 1764 sapientia,
798 1713 945 1764 quique
975 1725 1043 1764 per
1071 1720 1193 1752 artem
1470 1728 1510 1751 10

182 1779 365 1818 fluctibus
395 1791 417 1819 e
446 1780 563 1818 tantis
593 1779 713 1817 vitam
743 1778 942 1828 tantisque
971 1777 1143 1817 tenebris

185 1846 224 1883 in
253 1851 334 1883 tarn
364 1844 575 1895 tranquillo
605 1851 643 1884 et
672 1851 753 1882 tam
784 1844 888 1882 clara
916 1845 1004 1882 luce
1033 1841 1205 1882 locavit.'

182 1911 317 1949 confer
346 1909 451 1948 enirn
481 1909 614 1949 divina
642 1910 807 1948 aliorum
838 1910 999 1960 antiqua
1028 1915 1190 1960 reperta.

184 1987 355 2025 namque
385 1975 505 2015 Ceres
535 1975 653 2014 fertur
682 1975 810 2025 fruges
842 1973 1039 2024 Liberque
1069 1973 1230 2024 liquoris

183 2040 342 2090 vitigeni
371 2039 527 2079 laticem
558 2039 788 2079 mortalibus
819 2039 1032 2079 instituisse
1047 2054 1057 2087 ς
1476 2054 1511 2087 15

183 2117 274 2144 cum
304 2112 437 2144 tamen
467 2104 528 2143 his
557 2112 691 2155 posset
722 2104 806 2144 sine
835 2105 952 2143 rebus
981 2104 1059 2143 vita
1089 2117 1259 2152 manere,

183 2177 225 2209 ut
255 2170 357 2209 fama
387 2177 445 2209 est
475 2169 626 2220 aliquas
655 2169 774 2209 etiam
805 2182 910 2207 nunc
940 2169 1069 2208 vivere
1097 2169 1234 2220 gentis.

183 2243 221 2274 at
242 2235 345 2274 bene
364 2247 446 2274 non
467 2241 619 2285 poterat
641 2234 724 2274 sine
745 2247 843 2285 puro
863 2242 1022 2285 pectore
1042 2234 1118 2274 vivi
1136 2250 1144 2282 3

184 2314 264 2352 quo
294 2301 416 2351 magis
445 2300 509 2339 hic
540 2299 678 2339 merito
708 2299 822 2339 nobis
852 2301 950 2340 deus
980 2313 1066 2339 esse
1095 2300 1258 2348 videtur,

184 2379 230 2406 ex
259 2379 340 2417 quo
368 2379 474 2405 nunc
503 2367 621 2405 etiam
651 2377 720 2416 per
748 2378 909 2416 magnas
939 2365 1063 2404 didita
1091 2366 1217 2416 gentis
1474 2380 1513 2403 20

185 2432 315 2470 dulcia
344 2432 589 2482 permulcent
618 2431 770 2470 animos
801 2430 944 2469 solacia
974 2430 1086 2469 vitae.

831 2515 874 2550 13
