1827 2796
247 122 295 159 T.
330 121 574 159 LVCRETI
607 120 741 158 CARI

250 236 272 258 cz
290 234 373 258 new
391 235 495 258 moon
513 225 546 258 z's
563 224 652 258 born
671 233 779 267 every
793 222 865 265 day
877 221 1100 266 presenting
1114 221 1287 265 dffrent
1298 220 1431 266 phases
1447 231 1582 254 succes-

248 272 377 316 sz'vely.
411 272 582 316 Regulus*
593 270 793 304 successim
808 271 840 303 is
851 268 1128 303 characteristic
1141 269 1408 314 osrialzcre,s0r
1420 268 1586 302 instance

249 318 310 352 tlze
330 330 542 352 recurrente
561 319 605 362 os
614 317 779 362 thesaur
794 327 950 351 seczsons.

306 412 419 449 Luna
448 416 578 460 potest
609 408 701 447 solis
732 408 848 448 radiis
879 419 1064 458 percussa
1094 407 1217 446 nitere

250 477 370 526 inque
400 475 483 514 dies
514 474 636 525 magis
665 471 742 527 (id)
770 475 905 512 lumen
936 479 1162 511 convertere
1193 471 1307 511 nobis

250 543 301 580 ad
331 539 513 592 speciem,
547 546 739 591 quantum
769 538 861 577 solis
892 537 1040 577 secedit
1069 538 1120 576 ab
1149 536 1245 583 orbi,

251 608 380 645 donec
410 619 500 644 eum
531 612 668 644 contra
697 605 816 655 pleno
847 604 949 642 bene
978 604 1127 641 lumine
1158 602 1264 641 fulsit

250 678 369 721 atque
398 669 526 709 oriens
556 670 688 709 obitus
718 669 801 708 eius
832 682 948 719 super
977 669 1081 707 edita
1112 666 1231 714 vidit3

250 736 344 774 inde
375 735 596 774 minutatim
627 742 729 774 retro
759 736 869 784 quasi
900 734 1072 772 condere
1101 734 1234 771 lumen

252 801 372 840 debet
402 800 506 847 item,
539 808 689 849 quanto
718 799 879 849 propius
910 800 986 836 iam
1018 798 1109 836 solis
1138 798 1189 836 ad
1219 797 1349 847 ignem

250 866 393 904 labitur
422 878 469 904 ex
497 865 572 903 alia
602 863 802 914 signorum
833 869 941 913 parte
971 876 1040 913 per
1069 862 1234 909 orbem3

252 938 294 970 ut
325 930 482 977 faciunt,
514 931 647 968 lunam
679 928 745 978 qui
778 929 931 978 fingunt
960 940 1045 967 esse
1074 926 1165 978 pilai

253 995 499 1035 consimilem
528 1006 745 1043 cursusque
774 994 877 1032 viam
907 992 981 1031 sub
1011 994 1094 1031 sole
1122 999 1267 1031 tenere.

253 1068 311 1101 est
341 1060 457 1099 etiam
488 1072 608 1110 quare
638 1058 795 1110 proprio
825 1071 916 1096 cum
946 1057 1095 1096 lumine
1123 1057 1246 1107 possit

254 1126 399 1165 volvier
429 1133 466 1164 et
497 1124 619 1163 varias
649 1123 869 1174 splendoris
900 1123 1064 1163 reddere
1095 1123 1249 1160 formas.

253 1204 396 1242 corpus
418 1190 522 1229 enim
545 1189 635 1228 licet
656 1201 741 1228 esse
762 1188 869 1227 aliud
891 1189 999 1238 quod
1020 1189 1139 1226 fertur
1159 1195 1197 1226 et
1218 1199 1296 1225 una

255 1257 397 1295 labitur
426 1253 666 1294 omnimodis
696 1266 905 1292 occursans
935 1253 1190 1303 officiensque

254 1334 328 1360 nec
359 1321 459 1370 potis
490 1327 547 1359 est
577 1319 695 1366 cerni,
728 1319 819 1368 quia
849 1331 1005 1356 cassum
1035 1319 1183 1356 lumine
1214 1318 1344 1356 fertur.

254 1385 476 1435 versarique
505 1391 645 1435 potest,
678 1383 819 1434 globus
849 1389 901 1430 ut,
935 1382 967 1421 si
996 1383 1106 1430 forte,
1138 1382 1230 1432 pilai

254 1450 419 1490 dimidia
448 1463 495 1489 ex
523 1450 621 1500 parti
652 1447 839 1487 candenti
868 1448 1017 1486 lumine
1047 1448 1202 1494 tinctus,

255 1516 527 1565 versandoque
556 1514 719 1565 globum
752 1514 934 1552 variantis
965 1514 1082 1552 edere
1112 1514 1266 1560 formas,

255 1584 384 1622 donec
413 1593 499 1619 eam
530 1586 692 1629 partem,
725 1590 1000 1628 quaecumque
1030 1585 1087 1616 est
1118 1577 1272 1627 ignibus
1301 1584 1426 1624 aucta,

255 1647 306 1684 ad
336 1644 507 1696 speciem
538 1642 651 1682 vertit
680 1641 796 1680 nobis
827 1643 1044 1691 oculosque
1074 1641 1270 1691 patentis3

257 1711 349 1750 inde
379 1708 603 1748 minutatim
633 1714 734 1746 retro
764 1713 999 1756 contorquet
1029 1714 1066 1744 et
1095 1707 1219 1745 aufert

254 1775 456 1814 luciferam
487 1781 637 1825 partem
666 1771 958 1822 glomeraminis
987 1779 1106 1822 atque
1136 1771 1254 1822 pilai3

255 1849 296 1880 ut
328 1840 570 1890 Babylonica
601 1838 848 1878 Chaldaeum
878 1836 1056 1876 doctrina
1086 1838 1257 1875 refutans

257 1907 543 1955 astrologorum
573 1911 696 1942 artem
727 1910 863 1941 contra
892 1901 1125 1940 convincere
1156 1901 1293 1948 tendit,

258 1970 424 2021 proinde
454 1969 564 2019 quasi
595 1968 634 2006 id
666 1968 746 2006 fieri
778 1974 948 2017 nequeat
978 1968 1086 2016 quod
1117 1973 1264 2016 pugnat
1295 1974 1459 2016 uterque

257 2044 324 2075 aut
354 2036 484 2074 minus
515 2035 590 2071 hoc
620 2032 686 2070 illo
717 2031 765 2070 sit
795 2045 862 2070 cur
891 2033 1119 2081 amplectier
1148 2031 1261 2069 ausis.

258 2102 431 2150 denique
461 2112 529 2137 cur
559 2104 729 2148 nequeat
759 2110 913 2147 semper
943 2109 1045 2135 nova
1074 2097 1167 2134 luna
1196 2097 1314 2135 creari

259 2166 397 2204 ordine
427 2165 639 2203 formarum
669 2170 775 2201 certo
805 2161 998 2212 certisque
1028 2162 1159 2212 figuris

258 2231 380 2280 inque
410 2229 493 2269 dies
522 2230 651 2278 privos
681 2228 847 2267 aborisci
879 2240 1059 2277 quaeque
1089 2235 1217 2265 creata

260 2304 378 2346 atque
407 2294 482 2333 alia
512 2293 613 2331 illius
644 2292 809 2343 reparari
840 2292 878 2330 in
909 2299 1016 2342 parte
1047 2293 1226 2348 locoque,

261 2360 454 2401 difficilest
485 2359 635 2397 ratione
665 2359 807 2397 docere
837 2365 874 2396 et
903 2356 1059 2396 vincere
1089 2356 1226 2402 verbis,

261 2426 398 2467 ordine
428 2437 518 2463 cum
548 2422 733 2475 (possint)
762 2431 840 2461 tam
871 2429 978 2461 certo
1008 2423 1128 2460 multa
1159 2420 1288 2459 creari.

906 2495 953 2541 38

1523 418 1583 454 705

1524 744 1587 779 710

1526 1071 1585 1104 715

1532 1719 1590 1753 725

1534 2044 1596 2078 730

1534 2368 1593 2404 735
