<?xml version="1.0" encoding="UTF-8"?>
<!DOCTYPE html PUBLIC "-//W3C//DTD XHTML 1.0 Transitional//EN"
    "http://www.w3.org/TR/xhtml1/DTD/xhtml1-transitional.dtd">
<html xmlns="http://www.w3.org/1999/xhtml" xml:lang="en" lang="en">
 <head>
  <title>
</title>
<meta http-equiv="Content-Type" content="text/html;charset=utf-8" />
  <meta name='ocr-system' content='tesseract 3.04.00' />
  <meta name='ocr-capabilities' content='ocr_page ocr_carea ocr_par ocr_line ocrx_word'/>
</head>
<body>
  <div class='ocr_page' id='page_1' title='image "./dererumnaturasel01lucruoft_0035.png"; bbox 0 0 1827 2796; ppageno 0'>
   <div class='ocr_carea' id='block_1_1' title="bbox 874 124 1513 163">
    <p class='ocr_par' dir='ltr' id='par_1_1' title="bbox 874 124 1513 163">
     <span class='ocr_line' id='line_1_1' title="bbox 874 124 1513 163; baseline -0.003 -2"><span class='ocrx_word' id='word_1_1' title='bbox 874 126 949 163; x_wconf 86' lang='lat' dir='ltr'><strong>DE</strong></span> <span class='ocrx_word' id='word_1_2' title='bbox 982 124 1182 162; x_wconf 86' lang='lat' dir='ltr'><strong>RERVM</strong></span> <span class='ocrx_word' id='word_1_3' title='bbox 1216 124 1447 162; x_wconf 82' lang='lat' dir='ltr'><strong>NATVRA</strong></span> <span class='ocrx_word' id='word_1_4' title='bbox 1477 124 1513 159; x_wconf 75' lang='lat' dir='ltr'>V</span> 
     </span>
    </p>
   </div>
   <div class='ocr_carea' id='block_1_2' title="bbox 176 227 1527 1715">
    <p class='ocr_par' dir='ltr' id='par_1_2' title="bbox 178 227 1179 280">
     <span class='ocr_line' id='line_1_2' title="bbox 178 227 1179 280; baseline -0.002 -12"><span class='ocrx_word' id='word_1_5' title='bbox 178 244 225 268; x_wconf 85' lang='lat' dir='ltr'><strong>ex</strong></span> <span class='ocrx_word' id='word_1_6' title='bbox 254 237 418 280; x_wconf 87' lang='lat' dir='ltr'><strong>utraque</strong></span> <span class='ocrx_word' id='word_1_7' title='bbox 447 230 582 280; x_wconf 86' lang='lat' dir='ltr'><strong>polum</strong></span> <span class='ocrx_word' id='word_1_8' title='bbox 613 228 712 279; x_wconf 88' lang='lat' dir='ltr'><strong>parti</strong></span> <span class='ocrx_word' id='word_1_9' title='bbox 742 241 917 279; x_wconf 80' lang='lat' dir='ltr'><strong>premere</strong></span> <span class='ocrx_word' id='word_1_10' title='bbox 946 241 1036 268; x_wconf 87' lang='lat' dir='ltr'><strong>aera</strong></span> <span class='ocrx_word' id='word_1_11' title='bbox 1065 227 1179 267; x_wconf 89' lang='lat' dir='ltr'><strong>nobis</strong></span> 
     </span>
    </p>

    <p class='ocr_par' dir='ltr' id='par_1_3' title="bbox 176 293 1397 411">
     <span class='ocr_line' id='line_1_3' title="bbox 176 293 1397 345; baseline -0.002 -11"><span class='ocrx_word' id='word_1_12' title='bbox 176 295 392 335; x_wconf 89' lang='lat' dir='ltr'><strong>dicendum</strong></span> <span class='ocrx_word' id='word_1_13' title='bbox 422 302 481 334; x_wconf 88' lang='lat' dir='ltr'><strong>est</strong></span> <span class='ocrx_word' id='word_1_14' title='bbox 512 302 697 345; x_wconf 82' lang='lat' dir='ltr'><strong>extraque</strong></span> <span class='ocrx_word' id='word_1_15' title='bbox 727 300 860 333; x_wconf 89' lang='lat' dir='ltr'><strong>tenere</strong></span> <span class='ocrx_word' id='word_1_16' title='bbox 891 302 928 333; x_wconf 90' lang='lat' dir='ltr'><strong>et</strong></span> <span class='ocrx_word' id='word_1_17' title='bbox 959 295 1142 334; x_wconf 82' lang='lat' dir='ltr'>claudere</span> <span class='ocrx_word' id='word_1_18' title='bbox 1172 293 1397 343; x_wconf 74' lang='lat' dir='ltr'><strong>utrimque3</strong></span> 
     </span>
     <span class='ocr_line' id='line_1_4' title="bbox 178 358 1269 411; baseline -0.003 -11"><span class='ocrx_word' id='word_1_19' title='bbox 178 360 272 400; x_wconf 91' lang='lat' dir='ltr'><strong>inde</strong></span> <span class='ocrx_word' id='word_1_20' title='bbox 301 360 421 399; x_wconf 86' lang='lat' dir='ltr'><strong>alium</strong></span> <span class='ocrx_word' id='word_1_21' title='bbox 451 373 567 411; x_wconf 87' lang='lat' dir='ltr'><strong>supra</strong></span> <span class='ocrx_word' id='word_1_22' title='bbox 596 361 715 399; x_wconf 87' lang='lat' dir='ltr'><strong>fluere</strong></span> <span class='ocrx_word' id='word_1_23' title='bbox 744 366 863 410; x_wconf 90' lang='lat' dir='ltr'><strong>atque</strong></span> <span class='ocrx_word' id='word_1_24' title='bbox 892 358 1097 399; x_wconf 81' lang='lat' dir='ltr'><strong>intendere</strong></span> <span class='ocrx_word' id='word_1_25' title='bbox 1127 359 1269 398; x_wconf 91' lang='lat' dir='ltr'><strong>eodem</strong></span> 
     </span>
    </p>

    <p class='ocr_par' dir='ltr' id='par_1_4' title="bbox 178 424 1194 477">
     <span class='ocr_line' id='line_1_5' title="bbox 178 424 1194 477; baseline -0.003 -12"><span class='ocrx_word' id='word_1_26' title='bbox 178 439 259 477; x_wconf 91' lang='lat' dir='ltr'><strong>quo</strong></span> <span class='ocrx_word' id='word_1_27' title='bbox 288 426 483 465; x_wconf 89' lang='lat' dir='ltr'><strong>volvenda</strong></span> <span class='ocrx_word' id='word_1_28' title='bbox 512 425 660 464; x_wconf 81' lang='lat' dir='ltr'>micant</span> <span class='ocrx_word' id='word_1_29' title='bbox 689 424 837 464; x_wconf 86' lang='lat' dir='ltr'><strong>aeterni</strong></span> <span class='ocrx_word' id='word_1_30' title='bbox 867 424 995 463; x_wconf 89' lang='lat' dir='ltr'><strong>sidera</strong></span> <span class='ocrx_word' id='word_1_31' title='bbox 1025 424 1194 472; x_wconf 80' lang='lat' dir='ltr'><strong>mundi3</strong></span> 
     </span>
    </p>

    <p class='ocr_par' dir='ltr' id='par_1_5' title="bbox 181 489 1513 606">
     <span class='ocr_line' id='line_1_6' title="bbox 181 489 1513 541; baseline -0.003 -11"><span class='ocrx_word' id='word_1_32' title='bbox 181 499 247 530; x_wconf 89' lang='lat' dir='ltr'><strong>aut</strong></span> <span class='ocrx_word' id='word_1_33' title='bbox 276 490 396 529; x_wconf 87' lang='lat' dir='ltr'><strong>alium</strong></span> <span class='ocrx_word' id='word_1_34' title='bbox 426 491 570 538; x_wconf 84' lang='lat' dir='ltr'><strong>subter,</strong></span> <span class='ocrx_word' id='word_1_35' title='bbox 602 498 738 530; x_wconf 90' lang='lat' dir='ltr'><strong>contra</strong></span> <span class='ocrx_word' id='word_1_36' title='bbox 768 489 835 541; x_wconf 88' lang='lat' dir='ltr'><strong>qui</strong></span> <span class='ocrx_word' id='word_1_37' title='bbox 865 489 1057 528; x_wconf 88' lang='lat' dir='ltr'><strong>subvehat</strong></span> <span class='ocrx_word' id='word_1_38' title='bbox 1085 490 1233 535; x_wconf 82' lang='lat' dir='ltr'><strong>orbem,</strong></span> <span class='ocrx_word' id='word_1_39' title='bbox 1452 503 1513 534; x_wconf 79' lang='lat'><strong>515</strong></span> 
     </span>
     <span class='ocr_line' id='line_1_7' title="bbox 182 553 1263 606; baseline -0.003 -11"><span class='ocrx_word' id='word_1_40' title='bbox 182 564 223 595; x_wconf 87' lang='lat' dir='ltr'><strong>ut</strong></span> <span class='ocrx_word' id='word_1_41' title='bbox 253 555 391 595; x_wconf 88' lang='lat' dir='ltr'><strong>fluvios</strong></span> <span class='ocrx_word' id='word_1_42' title='bbox 420 569 572 595; x_wconf 86' lang='lat' dir='ltr'><strong>versare</strong></span> <span class='ocrx_word' id='word_1_43' title='bbox 601 563 703 595; x_wconf 89' lang='lat' dir='ltr'><strong>rotas</strong></span> <span class='ocrx_word' id='word_1_44' title='bbox 733 563 851 606; x_wconf 89' lang='lat' dir='ltr'><strong>atque</strong></span> <span class='ocrx_word' id='word_1_45' title='bbox 882 556 1040 594; x_wconf 90' lang='lat' dir='ltr'><strong>haustra</strong></span> <span class='ocrx_word' id='word_1_46' title='bbox 1070 553 1263 593; x_wconf 88' lang='lat' dir='ltr'><strong>videmus.</strong></span> 
     </span>
    </p>

    <p class='ocr_par' dir='ltr' id='par_1_6' title="bbox 182 620 1335 672">
     <span class='ocr_line' id='line_1_8' title="bbox 182 620 1335 672; baseline -0.002 -12"><span class='ocrx_word' id='word_1_47' title='bbox 182 629 240 661; x_wconf 87' lang='lat' dir='ltr'><strong>est</strong></span> <span class='ocrx_word' id='word_1_48' title='bbox 270 621 386 660; x_wconf 88' lang='lat' dir='ltr'><strong>etiam</strong></span> <span class='ocrx_word' id='word_1_49' title='bbox 417 634 576 672; x_wconf 88' lang='lat' dir='ltr'><strong>quoque</strong></span> <span class='ocrx_word' id='word_1_50' title='bbox 606 620 662 659; x_wconf 87' lang='lat' dir='ltr'><strong>uti</strong></span> <span class='ocrx_word' id='word_1_51' title='bbox 692 621 814 671; x_wconf 83' lang='lat' dir='ltr'>possit</span> <span class='ocrx_word' id='word_1_52' title='bbox 844 621 997 660; x_wconf 90' lang='lat' dir='ltr'><strong>caelum</strong></span> <span class='ocrx_word' id='word_1_53' title='bbox 1028 632 1147 659; x_wconf 88' lang='lat' dir='ltr'><strong>omne</strong></span> <span class='ocrx_word' id='word_1_54' title='bbox 1178 632 1335 658; x_wconf 86' lang='lat' dir='ltr'><strong>manere</strong></span> 
     </span>
    </p>

    <p class='ocr_par' dir='ltr' id='par_1_7' title="bbox 182 684 1241 736">
     <span class='ocr_line' id='line_1_9' title="bbox 182 684 1241 736; baseline -0.001 -12"><span class='ocrx_word' id='word_1_55' title='bbox 182 686 222 724; x_wconf 84' lang='lat' dir='ltr'><strong>in</strong></span> <span class='ocrx_word' id='word_1_56' title='bbox 252 686 430 733; x_wconf 81' lang='lat' dir='ltr'><strong>statione,</strong></span> <span class='ocrx_word' id='word_1_57' title='bbox 464 694 595 725; x_wconf 89' lang='lat' dir='ltr'><strong>tamen</strong></span> <span class='ocrx_word' id='word_1_58' title='bbox 625 698 714 724; x_wconf 90' lang='lat' dir='ltr'><strong>cum</strong></span> <span class='ocrx_word' id='word_1_59' title='bbox 747 685 876 725; x_wconf 87' lang='lat' dir='ltr'><strong>lucida</strong></span> <span class='ocrx_word' id='word_1_60' title='bbox 906 684 1016 736; x_wconf 86' lang='lat' dir='ltr'><strong>signa</strong></span> <span class='ocrx_word' id='word_1_61' title='bbox 1046 686 1217 725; x_wconf 86' lang='lat' dir='ltr'><strong>ferantur</strong></span> <span class='ocrx_word' id='word_1_62' title='bbox 1233 700 1241 732; x_wconf 76' lang='lat'>3</span> 
     </span>
    </p>

    <p class='ocr_par' dir='ltr' id='par_1_8' title="bbox 183 750 1520 932">
     <span class='ocr_line' id='line_1_10' title="bbox 183 750 1204 802; baseline -0.002 -12"><span class='ocrx_word' id='word_1_63' title='bbox 183 751 264 790; x_wconf 85' lang='lat' dir='ltr'><strong>sive</strong></span> <span class='ocrx_word' id='word_1_64' title='bbox 294 752 402 802; x_wconf 90' lang='lat' dir='ltr'><strong>quod</strong></span> <span class='ocrx_word' id='word_1_65' title='bbox 432 750 571 790; x_wconf 88' lang='lat' dir='ltr'><strong>inclusi</strong></span> <span class='ocrx_word' id='word_1_66' title='bbox 601 750 725 802; x_wconf 87' lang='lat' dir='ltr'><strong>rapidi</strong></span> <span class='ocrx_word' id='word_1_67' title='bbox 756 759 847 790; x_wconf 86' lang='lat' dir='ltr'><strong>sunt</strong></span> <span class='ocrx_word' id='word_1_68' title='bbox 876 750 1043 790; x_wconf 85' lang='lat' dir='ltr'><strong>aetheris</strong></span> <span class='ocrx_word' id='word_1_69' title='bbox 1073 757 1204 789; x_wconf 88' lang='lat' dir='ltr'><strong>aestus</strong></span> 
     </span>
     <span class='ocr_line' id='line_1_11' title="bbox 184 815 1520 867; baseline -0.002 -12"><span class='ocrx_word' id='word_1_70' title='bbox 184 824 495 867; x_wconf 81' lang='lat' dir='ltr'><strong>quaerentesque</strong></span> <span class='ocrx_word' id='word_1_71' title='bbox 526 815 628 854; x_wconf 79' lang='lat' dir='ltr'><strong>viam</strong></span> <span class='ocrx_word' id='word_1_72' title='bbox 659 817 805 855; x_wconf 88' lang='lat' dir='ltr'><strong>circum</strong></span> <span class='ocrx_word' id='word_1_73' title='bbox 836 823 1037 855; x_wconf 81' lang='lat' dir='ltr'><strong>versantur</strong></span> <span class='ocrx_word' id='word_1_74' title='bbox 1066 824 1104 854; x_wconf 88' lang='lat' dir='ltr'><strong>et</strong></span> <span class='ocrx_word' id='word_1_75' title='bbox 1134 815 1243 866; x_wconf 84' lang='lat' dir='ltr'><strong>ignes</strong></span> <span class='ocrx_word' id='word_1_76' title='bbox 1455 830 1520 862; x_wconf 84' lang='lat'><strong>520</strong></span> 
     </span>
     <span class='ocr_line' id='line_1_12' title="bbox 185 881 1197 932; baseline -0.001 -12"><span class='ocrx_word' id='word_1_77' title='bbox 185 881 328 932; x_wconf 87' lang='lat' dir='ltr'><strong>passim</strong></span> <span class='ocrx_word' id='word_1_78' title='bbox 359 895 427 932; x_wconf 91' lang='lat' dir='ltr'><strong>per</strong></span> <span class='ocrx_word' id='word_1_79' title='bbox 456 881 553 920; x_wconf 87' lang='lat' dir='ltr'><strong>caeli</strong></span> <span class='ocrx_word' id='word_1_80' title='bbox 584 883 745 921; x_wconf 81' lang='lat' dir='ltr'><strong>volvunt</strong></span> <span class='ocrx_word' id='word_1_81' title='bbox 775 881 996 920; x_wconf 75' lang='lat' dir='ltr'><strong>summania</strong></span> <span class='ocrx_word' id='word_1_82' title='bbox 1025 882 1172 931; x_wconf 89' lang='lat' dir='ltr'><strong>templa</strong></span> <span class='ocrx_word' id='word_1_83' title='bbox 1188 895 1197 929; x_wconf 80' lang='lat'><em>3</em></span> 
     </span>
    </p>

    <p class='ocr_par' dir='ltr' id='par_1_9' title="bbox 186 946 1185 986">
     <span class='ocr_line' id='line_1_13' title="bbox 186 946 1185 986; baseline 0 -2"><span class='ocrx_word' id='word_1_84' title='bbox 186 946 265 985; x_wconf 82' lang='lat' dir='ltr'><strong>sive</strong></span> <span class='ocrx_word' id='word_1_85' title='bbox 295 947 455 986; x_wconf 89' lang='lat' dir='ltr'><strong>aliunde</strong></span> <span class='ocrx_word' id='word_1_86' title='bbox 485 948 610 985; x_wconf 88' lang='lat' dir='ltr'><strong>fluens</strong></span> <span class='ocrx_word' id='word_1_87' title='bbox 640 946 822 985; x_wconf 87' lang='lat' dir='ltr'><strong>alicunde</strong></span> <span class='ocrx_word' id='word_1_88' title='bbox 852 948 1090 986; x_wconf 84' lang='lat' dir='ltr'><strong>extrinsecus</strong></span> <span class='ocrx_word' id='word_1_89' title='bbox 1120 959 1185 985; x_wconf 89' lang='lat' dir='ltr'><strong>aer</strong></span> 
     </span>
    </p>

    <p class='ocr_par' dir='ltr' id='par_1_10' title="bbox 186 1011 1218 1062">
     <span class='ocr_line' id='line_1_14' title="bbox 186 1011 1218 1062; baseline -0.001 -12"><span class='ocrx_word' id='word_1_90' title='bbox 186 1019 311 1051; x_wconf 85' lang='lat' dir='ltr'><strong>versat</strong></span> <span class='ocrx_word' id='word_1_91' title='bbox 340 1025 459 1062; x_wconf 82' lang='lat' dir='ltr'><strong>agens</strong></span> <span class='ocrx_word' id='word_1_92' title='bbox 490 1011 616 1062; x_wconf 74' lang='lat' dir='ltr'><strong>ignis3</strong></span> <span class='ocrx_word' id='word_1_93' title='bbox 655 1012 735 1051; x_wconf 83' lang='lat' dir='ltr'><strong>sive</strong></span> <span class='ocrx_word' id='word_1_94' title='bbox 765 1011 837 1062; x_wconf 88' lang='lat' dir='ltr'><strong>ipsi</strong></span> <span class='ocrx_word' id='word_1_95' title='bbox 868 1025 1022 1062; x_wconf 87' lang='lat' dir='ltr'><strong>serpere</strong></span> <span class='ocrx_word' id='word_1_96' title='bbox 1052 1018 1218 1062; x_wconf 81' lang='lat' dir='ltr'><strong>possunt</strong></span> 
     </span>
    </p>

    <p class='ocr_par' dir='ltr' id='par_1_11' title="bbox 186 1076 1256 1127">
     <span class='ocr_line' id='line_1_15' title="bbox 186 1076 1256 1127; baseline 0 -12"><span class='ocrx_word' id='word_1_97' title='bbox 186 1091 266 1127; x_wconf 89' lang='lat' dir='ltr'><strong>quo</strong></span> <span class='ocrx_word' id='word_1_98' title='bbox 296 1076 486 1127; x_wconf 88' lang='lat' dir='ltr'><strong>cuiusque</strong></span> <span class='ocrx_word' id='word_1_99' title='bbox 517 1077 628 1116; x_wconf 88' lang='lat' dir='ltr'><strong>cibus</strong></span> <span class='ocrx_word' id='word_1_100' title='bbox 658 1083 772 1116; x_wconf 88' lang='lat' dir='ltr'><strong>vocat</strong></span> <span class='ocrx_word' id='word_1_101' title='bbox 800 1084 920 1127; x_wconf 90' lang='lat' dir='ltr'><strong>atque</strong></span> <span class='ocrx_word' id='word_1_102' title='bbox 950 1076 1087 1115; x_wconf 89' lang='lat' dir='ltr'><strong>invitat</strong></span> <span class='ocrx_word' id='word_1_103' title='bbox 1117 1076 1256 1123; x_wconf 84' lang='lat' dir='ltr'><strong>euntis,</strong></span> 
     </span>
    </p>

    <p class='ocr_par' dir='ltr' id='par_1_12' title="bbox 187 1141 1521 1322">
     <span class='ocr_line' id='line_1_16' title="bbox 187 1141 1521 1192; baseline 0 -12"><span class='ocrx_word' id='word_1_104' title='bbox 187 1142 368 1180; x_wconf 86' lang='lat' dir='ltr'><strong>flammea</strong></span> <span class='ocrx_word' id='word_1_105' title='bbox 397 1154 465 1192; x_wconf 88' lang='lat' dir='ltr'><strong>per</strong></span> <span class='ocrx_word' id='word_1_106' title='bbox 494 1143 646 1181; x_wconf 86' lang='lat' dir='ltr'><strong>caelum</strong></span> <span class='ocrx_word' id='word_1_107' title='bbox 678 1149 883 1192; x_wconf 87' lang='lat' dir='ltr'><strong>pascentes</strong></span> <span class='ocrx_word' id='word_1_108' title='bbox 913 1155 1076 1192; x_wconf 89' lang='lat' dir='ltr'><strong>corpora</strong></span> <span class='ocrx_word' id='word_1_109' title='bbox 1106 1141 1261 1192; x_wconf 87' lang='lat' dir='ltr'><strong>passim.</strong></span> <span class='ocrx_word' id='word_1_110' title='bbox 1457 1156 1521 1188; x_wconf 79' lang='lat'><strong>525</strong></span> 
     </span>
     <span class='ocr_line' id='line_1_17' title="bbox 187 1206 1361 1258; baseline 0 -14"><span class='ocrx_word' id='word_1_111' title='bbox 187 1220 278 1244; x_wconf 87' lang='lat' dir='ltr'><strong>nam</strong></span> <span class='ocrx_word' id='word_1_112' title='bbox 309 1207 405 1257; x_wconf 88' lang='lat' dir='ltr'><strong>quid</strong></span> <span class='ocrx_word' id='word_1_113' title='bbox 434 1206 474 1244; x_wconf 90' lang='lat' dir='ltr'><strong>in</strong></span> <span class='ocrx_word' id='word_1_114' title='bbox 504 1208 580 1246; x_wconf 90' lang='lat' dir='ltr'><strong>hoc</strong></span> <span class='ocrx_word' id='word_1_115' title='bbox 609 1207 761 1246; x_wconf 86' lang='lat' dir='ltr'><strong>mundo</strong></span> <span class='ocrx_word' id='word_1_116' title='bbox 791 1208 839 1245; x_wconf 84' lang='lat' dir='ltr'><strong>sit</strong></span> <span class='ocrx_word' id='word_1_117' title='bbox 869 1220 1004 1246; x_wconf 91' lang='lat' dir='ltr'><strong>eorum</strong></span> <span class='ocrx_word' id='word_1_118' title='bbox 1035 1220 1183 1258; x_wconf 91' lang='lat' dir='ltr'><strong>ponere</strong></span> <span class='ocrx_word' id='word_1_119' title='bbox 1212 1214 1361 1245; x_wconf 88' lang='lat' dir='ltr'><strong>certum</strong></span> 
     </span>
     <span class='ocr_line' id='line_1_18' title="bbox 188 1270 1262 1322; baseline 0.001 -13"><span class='ocrx_word' id='word_1_120' title='bbox 188 1270 345 1310; x_wconf 86' lang='lat' dir='ltr'><strong>difficile</strong></span> <span class='ocrx_word' id='word_1_121' title='bbox 375 1279 433 1310; x_wconf 86' lang='lat' dir='ltr'><strong>est</strong></span> <span class='ocrx_word' id='word_1_122' title='bbox 448 1286 458 1319; x_wconf 74' lang='lat'><em>3</em></span> <span class='ocrx_word' id='word_1_123' title='bbox 489 1273 558 1312; x_wconf 85' lang='lat' dir='ltr'><strong>sed</strong></span> <span class='ocrx_word' id='word_1_124' title='bbox 589 1272 685 1322; x_wconf 86' lang='lat' dir='ltr'><strong>quid</strong></span> <span class='ocrx_word' id='word_1_125' title='bbox 715 1271 838 1322; x_wconf 86' lang='lat' dir='ltr'><strong>possit</strong></span> <span class='ocrx_word' id='word_1_126' title='bbox 868 1273 1014 1322; x_wconf 87' lang='lat' dir='ltr'><strong>fiatque</strong></span> <span class='ocrx_word' id='word_1_127' title='bbox 1044 1285 1113 1322; x_wconf 92' lang='lat' dir='ltr'><strong>per</strong></span> <span class='ocrx_word' id='word_1_128' title='bbox 1141 1284 1262 1311; x_wconf 86' lang='lat' dir='ltr'><strong>omne</strong></span> 
     </span>
    </p>

    <p class='ocr_par' dir='ltr' id='par_1_13' title="bbox 189 1336 1052 1384">
     <span class='ocr_line' id='line_1_19' title="bbox 189 1336 1052 1384; baseline 0 -9"><span class='ocrx_word' id='word_1_129' title='bbox 189 1337 228 1375; x_wconf 91' lang='lat' dir='ltr'><strong>in</strong></span> <span class='ocrx_word' id='word_1_130' title='bbox 259 1336 372 1376; x_wconf 84' lang='lat' dir='ltr'><strong>variis</strong></span> <span class='ocrx_word' id='word_1_131' title='bbox 402 1337 560 1376; x_wconf 87' lang='lat' dir='ltr'><strong>mundis</strong></span> <span class='ocrx_word' id='word_1_132' title='bbox 590 1337 694 1376; x_wconf 91' lang='lat' dir='ltr'><strong>varia</strong></span> <span class='ocrx_word' id='word_1_133' title='bbox 723 1338 873 1376; x_wconf 87' lang='lat' dir='ltr'><strong>ratione</strong></span> <span class='ocrx_word' id='word_1_134' title='bbox 902 1337 1052 1384; x_wconf 85' lang='lat' dir='ltr'><strong>creatis,</strong></span> 
     </span>
    </p>

    <p class='ocr_par' dir='ltr' id='par_1_14' title="bbox 190 1402 1203 1453">
     <span class='ocr_line' id='line_1_20' title="bbox 190 1402 1203 1453; baseline 0.001 -13"><span class='ocrx_word' id='word_1_135' title='bbox 190 1403 229 1441; x_wconf 92' lang='lat' dir='ltr'><strong>id</strong></span> <span class='ocrx_word' id='word_1_136' title='bbox 259 1403 385 1442; x_wconf 89' lang='lat' dir='ltr'><strong>doceo</strong></span> <span class='ocrx_word' id='word_1_137' title='bbox 415 1402 614 1453; x_wconf 86' lang='lat' dir='ltr'><strong>plurisque</strong></span> <span class='ocrx_word' id='word_1_138' title='bbox 645 1416 787 1453; x_wconf 88' lang='lat' dir='ltr'><strong>sequor</strong></span> <span class='ocrx_word' id='word_1_139' title='bbox 816 1404 1025 1453; x_wconf 89' lang='lat' dir='ltr'><strong>disponere</strong></span> <span class='ocrx_word' id='word_1_140' title='bbox 1054 1415 1203 1450; x_wconf 86' lang='lat' dir='ltr'><strong>causas,</strong></span> 
     </span>
    </p>

    <p class='ocr_par' dir='ltr' id='par_1_15' title="bbox 191 1468 1527 1715">
     <span class='ocr_line' id='line_1_21' title="bbox 191 1468 1527 1518; baseline -0.001 -11"><span class='ocrx_word' id='word_1_141' title='bbox 191 1468 364 1507; x_wconf 83' lang='lat' dir='ltr'><strong>motibus</strong></span> <span class='ocrx_word' id='word_1_142' title='bbox 394 1476 585 1507; x_wconf 85' lang='lat' dir='ltr'><strong>astrorum</strong></span> <span class='ocrx_word' id='word_1_143' title='bbox 616 1481 717 1518; x_wconf 89' lang='lat' dir='ltr'><strong>quae</strong></span> <span class='ocrx_word' id='word_1_144' title='bbox 747 1469 898 1518; x_wconf 86' lang='lat' dir='ltr'><strong>possint</strong></span> <span class='ocrx_word' id='word_1_145' title='bbox 929 1481 1013 1507; x_wconf 86' lang='lat' dir='ltr'><strong>esse</strong></span> <span class='ocrx_word' id='word_1_146' title='bbox 1043 1481 1111 1518; x_wconf 90' lang='lat' dir='ltr'><strong>per</strong></span> <span class='ocrx_word' id='word_1_147' title='bbox 1139 1480 1287 1515; x_wconf 79' lang='lat' dir='ltr'><strong>omne3</strong></span> <span class='ocrx_word' id='word_1_148' title='bbox 1463 1483 1527 1516; x_wconf 77' lang='lat'><strong>530</strong></span> 
     </span>
     <span class='ocr_line' id='line_1_22' title="bbox 191 1533 1416 1584; baseline -0.001 -12"><span class='ocrx_word' id='word_1_149' title='bbox 191 1546 213 1572; x_wconf 92' lang='lat' dir='ltr'><strong>e</strong></span> <span class='ocrx_word' id='word_1_150' title='bbox 243 1533 385 1584; x_wconf 86' lang='lat' dir='ltr'><strong>quibus</strong></span> <span class='ocrx_word' id='word_1_151' title='bbox 416 1546 494 1572; x_wconf 90' lang='lat' dir='ltr'><strong>una</strong></span> <span class='ocrx_word' id='word_1_152' title='bbox 523 1541 655 1572; x_wconf 89' lang='lat' dir='ltr'><strong>tamen</strong></span> <span class='ocrx_word' id='word_1_153' title='bbox 686 1534 757 1572; x_wconf 84' lang='lat' dir='ltr'><strong>siet</strong></span> <span class='ocrx_word' id='word_1_154' title='bbox 788 1533 851 1571; x_wconf 86' lang='lat' dir='ltr'><strong>hic</strong></span> <span class='ocrx_word' id='word_1_155' title='bbox 881 1546 1041 1583; x_wconf 88' lang='lat' dir='ltr'><strong>quoque</strong></span> <span class='ocrx_word' id='word_1_156' title='bbox 1071 1545 1189 1572; x_wconf 88' lang='lat' dir='ltr'><strong>causa</strong></span> <span class='ocrx_word' id='word_1_157' title='bbox 1219 1540 1416 1572; x_wconf 82' lang='lat' dir='ltr'><strong>necessest</strong></span> 
     </span>
     <span class='ocr_line' id='line_1_23' title="bbox 192 1598 1297 1649; baseline -0.001 -12"><span class='ocrx_word' id='word_1_158' title='bbox 192 1612 293 1648; x_wconf 89' lang='lat' dir='ltr'><strong>quae</strong></span> <span class='ocrx_word' id='word_1_159' title='bbox 322 1606 457 1649; x_wconf 84' lang='lat' dir='ltr'><strong>vegeat</strong></span> <span class='ocrx_word' id='word_1_160' title='bbox 487 1607 639 1637; x_wconf 89' lang='lat' dir='ltr'><strong>motum</strong></span> <span class='ocrx_word' id='word_1_161' title='bbox 670 1598 816 1648; x_wconf 80' lang='lat' dir='ltr'><strong>signis3</strong></span> <span class='ocrx_word' id='word_1_162' title='bbox 858 1599 927 1637; x_wconf 85' lang='lat' dir='ltr'><strong>sed</strong></span> <span class='ocrx_word' id='word_1_163' title='bbox 957 1611 1057 1648; x_wconf 89' lang='lat' dir='ltr'><strong>quae</strong></span> <span class='ocrx_word' id='word_1_164' title='bbox 1088 1598 1135 1637; x_wconf 86' lang='lat' dir='ltr'><strong>sit</strong></span> <span class='ocrx_word' id='word_1_165' title='bbox 1164 1611 1297 1637; x_wconf 87' lang='lat' dir='ltr'><strong>earum</strong></span> 
     </span>
     <span class='ocr_line' id='line_1_24' title="bbox 192 1661 1449 1715; baseline 0 -13"><span class='ocrx_word' id='word_1_166' title='bbox 192 1664 414 1714; x_wconf 87' lang='lat' dir='ltr'><strong>praecipere</strong></span> <span class='ocrx_word' id='word_1_167' title='bbox 444 1665 789 1714; x_wconf 88' lang='lat' dir='ltr'><strong>haudquaquamst</strong></span> <span class='ocrx_word' id='word_1_168' title='bbox 820 1663 1103 1714; x_wconf 88' lang='lat' dir='ltr'><strong>pedetemptim</strong></span> <span class='ocrx_word' id='word_1_169' title='bbox 1135 1661 1449 1715; x_wconf 70' lang='lat' dir='ltr'><strong>progredientis]</strong></span> 
     </span>
    </p>
   </div>
   <div class='ocr_carea' id='block_1_3' title="bbox 190 1775 1535 2151">
    <p class='ocr_par' dir='ltr' id='par_1_16' title="bbox 190 1775 1535 2151">
     <span class='ocr_line' id='line_1_25' title="bbox 247 1775 1529 1821; baseline -0.002 -10"><span class='ocrx_word' id='word_1_170' title='bbox 247 1777 282 1811; x_wconf 90' lang='lat' dir='ltr'><em>T</em></span> <span class='ocrx_word' id='word_1_171' title='bbox 278 1777 321 1811; x_wconf 72' lang='lat' dir='ltr'><strong>lle</strong></span> <span class='ocrx_word' id='word_1_172' title='bbox 337 1776 442 1812; x_wconf 68' lang='lat' dir='ltr'><strong>earth</strong></span> <span class='ocrx_word' id='word_1_173' title='bbox 460 1779 624 1811; x_wconf 66' lang='lat' dir='ltr'><strong>remelius</strong></span> <span class='ocrx_word' id='word_1_174' title='bbox 647 1782 688 1811; x_wconf 79' lang='lat' dir='ltr'><strong>at</strong></span> <span class='ocrx_word' id='word_1_175' title='bbox 712 1780 787 1811; x_wconf 68' lang='lat' dir='ltr'><strong>rest</strong></span> <span class='ocrx_word' id='word_1_176' title='bbox 812 1778 851 1810; x_wconf 71' lang='lat' dir='ltr'><strong>sn</strong></span> <span class='ocrx_word' id='word_1_177' title='bbox 877 1776 937 1810; x_wconf 72' lang='lat' dir='ltr'><strong>the</strong></span> <span class='ocrx_word' id='word_1_178' title='bbox 962 1777 1078 1811; x_wconf 65' lang='lat' dir='ltr'><strong>mz‘dst</strong></span> <span class='ocrx_word' id='word_1_179' title='bbox 1102 1776 1145 1821; x_wconf 84' lang='lat' dir='ltr'><strong>of</strong></span> <span class='ocrx_word' id='word_1_180' title='bbox 1162 1775 1222 1810; x_wconf 75' lang='lat' dir='ltr'><strong>the</strong></span> <span class='ocrx_word' id='word_1_181' title='bbox 1245 1776 1369 1810; x_wconf 78' lang='lat' dir='ltr'><strong>world</strong></span> <span class='ocrx_word' id='word_1_182' title='bbox 1383 1776 1529 1811; x_wconf 67' lang='lat' dir='ltr'><strong>because</strong></span> 
     </span>
     <span class='ocr_line' id='line_1_26' title="bbox 194 1823 1527 1870; baseline -0.003 -10"><span class='ocrx_word' id='word_1_183' title='bbox 194 1825 243 1860; x_wconf 78' lang='lat' dir='ltr'><strong>its</strong></span> <span class='ocrx_word' id='word_1_184' title='bbox 268 1825 504 1870; x_wconf 74' lang='lat' dir='ltr'><strong>composition</strong></span> <span class='ocrx_word' id='word_1_185' title='bbox 531 1826 565 1858; x_wconf 79' lang='lat' dir='ltr'><strong>is</strong></span> <span class='ocrx_word' id='word_1_186' title='bbox 589 1824 731 1870; x_wconf 58' lang='lat' dir='ltr'><strong>lzgs‘zler</strong></span> <span class='ocrx_word' id='word_1_187' title='bbox 754 1824 867 1858; x_wconf 76' lang='lat' dir='ltr'><strong>below</strong></span> <span class='ocrx_word' id='word_1_188' title='bbox 892 1824 984 1858; x_wconf 76' lang='lat' dir='ltr'><strong>than</strong></span> <span class='ocrx_word' id='word_1_189' title='bbox 1009 1824 1041 1857; x_wconf 71' lang='lat' dir='ltr'><strong>it</strong></span> <span class='ocrx_word' id='word_1_190' title='bbox 1065 1824 1098 1857; x_wconf 83' lang='lat' dir='ltr'><strong>is</strong></span> <span class='ocrx_word' id='word_1_191' title='bbox 1123 1823 1262 1857; x_wconf 78' lang='lat' dir='ltr'><strong>above:</strong></span> <span class='ocrx_word' id='word_1_192' title='bbox 1301 1825 1340 1857; x_wconf 75' lang='lat' dir='ltr'><strong>in</strong></span> <span class='ocrx_word' id='word_1_193' title='bbox 1356 1823 1444 1868; x_wconf 81' lang='lat' dir='ltr'><strong>fact</strong></span> <span class='ocrx_word' id='word_1_194' title='bbox 1468 1823 1527 1857; x_wconf 74' lang='lat' dir='ltr'><strong>tlte</strong></span> 
     </span>
     <span class='ocr_line' id='line_1_27' title="bbox 193 1869 1527 1907; baseline -0.002 -1"><span class='ocrx_word' id='word_1_195' title='bbox 193 1872 384 1907; x_wconf 73' lang='lat' dir='ltr'><strong>substance</strong></span> <span class='ocrx_word' id='word_1_196' title='bbox 419 1871 571 1906; x_wconf 67' lang='lat' dir='ltr'><strong>betzeatla</strong></span> <span class='ocrx_word' id='word_1_197' title='bbox 606 1874 639 1906; x_wconf 78' lang='lat' dir='ltr'><strong>is</strong></span> <span class='ocrx_word' id='word_1_198' title='bbox 676 1882 776 1905; x_wconf 65' lang='lat' dir='ltr'><strong>more</strong></span> <span class='ocrx_word' id='word_1_199' title='bbox 811 1871 964 1905; x_wconf 71' lang='lat' dir='ltr'><strong>similar</strong></span> <span class='ocrx_word' id='word_1_200' title='bbox 995 1876 1031 1905; x_wconf 79' lang='lat' dir='ltr'><strong>lo</strong></span> <span class='ocrx_word' id='word_1_201' title='bbox 1073 1872 1144 1904; x_wconf 74' lang='lat' dir='ltr'><strong>air.</strong></span> <span class='ocrx_word' id='word_1_202' title='bbox 1214 1871 1247 1904; x_wconf 85' lang='lat' dir='ltr'><em>T</em></span> <span class='ocrx_word' id='word_1_203' title='bbox 1243 1869 1315 1905; x_wconf 70' lang='lat' dir='ltr'><strong>ltus</strong></span> <span class='ocrx_word' id='word_1_204' title='bbox 1348 1872 1381 1904; x_wconf 66' lang='lat' dir='ltr'><strong>it</strong></span> <span class='ocrx_word' id='word_1_205' title='bbox 1413 1871 1444 1904; x_wconf 75' lang='lat' dir='ltr'><strong>is</strong></span> <span class='ocrx_word' id='word_1_206' title='bbox 1478 1881 1527 1903; x_wconf 72' lang='lat' dir='ltr'><strong>(m</strong></span> 
     </span>
     <span class='ocr_line' id='line_1_28' title="bbox 196 1917 1533 1964; baseline -0.002 -11"><span class='ocrx_word' id='word_1_207' title='bbox 196 1920 350 1964; x_wconf 66' lang='lat' dir='ltr'><strong>mgam&#39;c</strong></span> <span class='ocrx_word' id='word_1_208' title='bbox 368 1921 463 1963; x_wconf 62' lang='lat' dir='ltr'><strong>part</strong></span> <span class='ocrx_word' id='word_1_209' title='bbox 487 1920 531 1964; x_wconf 82' lang='lat' dir='ltr'><strong>os</strong></span> <span class='ocrx_word' id='word_1_210' title='bbox 547 1918 606 1952; x_wconf 76' lang='lat' dir='ltr'><strong>the</strong></span> <span class='ocrx_word' id='word_1_211' title='bbox 627 1918 745 1952; x_wconf 74' lang='lat' dir='ltr'><strong>whole</strong></span> <span class='ocrx_word' id='word_1_212' title='bbox 767 1919 950 1962; x_wconf 78' lang='lat' dir='ltr'><strong>universe,</strong></span> <span class='ocrx_word' id='word_1_213' title='bbox 975 1918 1170 1962; x_wconf 75' lang='lat' dir='ltr'><strong>andsrom</strong></span> <span class='ocrx_word' id='word_1_214' title='bbox 1198 1918 1289 1962; x_wconf 75' lang='lat' dir='ltr'><strong>long</strong></span> <span class='ocrx_word' id='word_1_215' title='bbox 1310 1918 1426 1951; x_wconf 78' lang='lat' dir='ltr'><strong>unz&#39;on</strong></span> <span class='ocrx_word' id='word_1_216' title='bbox 1454 1917 1533 1951; x_wconf 75' lang='lat' dir='ltr'><strong>ami</strong></span> 
     </span>
     <span class='ocr_line' id='line_1_29' title="bbox 196 1964 1532 2011; baseline -0.002 -11"><span class='ocrx_word' id='word_1_217' title='bbox 196 1967 397 2001; x_wconf 70' lang='lat' dir='ltr'><strong>connexion</strong></span> <span class='ocrx_word' id='word_1_218' title='bbox 431 1977 519 2000; x_wconf 69' lang='lat' dir='ltr'><strong>ever</strong></span> <span class='ocrx_word' id='word_1_219' title='bbox 541 1967 639 2000; x_wconf 78' lang='lat' dir='ltr'><em>since</em></span> <span class='ocrx_word' id='word_1_220' title='bbox 666 1966 726 2000; x_wconf 75' lang='lat' dir='ltr'><strong>the</strong></span> <span class='ocrx_word' id='word_1_221' title='bbox 750 1965 954 2011; x_wconf 72' lang='lat' dir='ltr'><strong>beginning</strong></span> <span class='ocrx_word' id='word_1_222' title='bbox 985 1966 1016 1998; x_wconf 74' lang='lat' dir='ltr'><strong>st</strong></span> <span class='ocrx_word' id='word_1_223' title='bbox 1043 1966 1127 1999; x_wconf 82' lang='lat' dir='ltr'><strong>does</strong></span> <span class='ocrx_word' id='word_1_224' title='bbox 1153 1968 1217 1998; x_wconf 80' lang='lat' dir='ltr'><strong>not</strong></span> <span class='ocrx_word' id='word_1_225' title='bbox 1237 1964 1320 2010; x_wconf 69' lang='lat' dir='ltr'><strong>fiel</strong></span> <span class='ocrx_word' id='word_1_226' title='bbox 1345 1965 1394 1998; x_wconf 79' lang='lat' dir='ltr'><strong>its</strong></span> <span class='ocrx_word' id='word_1_227' title='bbox 1416 1968 1532 2009; x_wconf 71' lang='lat' dir='ltr'><strong>great</strong></span> 
     </span>
     <span class='ocr_line' id='line_1_30' title="bbox 197 2012 1535 2058; baseline -0.002 -11"><span class='ocrx_word' id='word_1_228' title='bbox 197 2013 337 2058; x_wconf 63' lang='lat' dir='ltr'><strong>wezglct</strong></span> <span class='ocrx_word' id='word_1_229' title='bbox 353 2024 426 2057; x_wconf 79' lang='lat' dir='ltr'><strong>any</strong></span> <span class='ocrx_word' id='word_1_230' title='bbox 443 2024 543 2047; x_wconf 77' lang='lat' dir='ltr'><strong>more</strong></span> <span class='ocrx_word' id='word_1_231' title='bbox 565 2013 656 2047; x_wconf 69' lang='lat' dir='ltr'><strong>llum</strong></span> <span class='ocrx_word' id='word_1_232' title='bbox 679 2012 739 2047; x_wconf 75' lang='lat' dir='ltr'><strong>the</strong></span> <span class='ocrx_word' id='word_1_233' title='bbox 764 2012 904 2057; x_wconf 54' lang='lat' dir='ltr'><strong>wegrlzt</strong></span> <span class='ocrx_word' id='word_1_234' title='bbox 928 2012 973 2058; x_wconf 83' lang='lat' dir='ltr'><strong>of</strong></span> <span class='ocrx_word' id='word_1_235' title='bbox 989 2025 1011 2045; x_wconf 74' lang='lat' dir='ltr'><strong><em>a</em></strong></span> <span class='ocrx_word' id='word_1_236' title='bbox 1037 2013 1157 2046; x_wconf 75' lang='lat' dir='ltr'><strong>man&#39;s</strong></span> <span class='ocrx_word' id='word_1_237' title='bbox 1181 2012 1287 2046; x_wconf 83' lang='lat' dir='ltr'><strong>lz&#39;mbs</strong></span> <span class='ocrx_word' id='word_1_238' title='bbox 1309 2012 1437 2056; x_wconf 69' lang='lat' dir='ltr'><strong>cfflcls</strong></span> <span class='ocrx_word' id='word_1_239' title='bbox 1454 2012 1535 2045; x_wconf 71' lang='lat' dir='ltr'><strong>aad</strong></span> 
     </span>
     <span class='ocr_line' id='line_1_31' title="bbox 197 2057 1530 2105; baseline -0.001 -12"><span class='ocrx_word' id='word_1_240' title='bbox 197 2062 289 2094; x_wconf 78' lang='lat' dir='ltr'><strong>lires</strong></span> <span class='ocrx_word' id='word_1_241' title='bbox 306 2059 383 2094; x_wconf 82' lang='lat' dir='ltr'><strong>lzz‘m</strong></span> <span class='ocrx_word' id='word_1_242' title='bbox 398 2072 409 2093; x_wconf 94' lang='grc'><strong>.·</strong></span> <span class='ocrx_word' id='word_1_243' title='bbox 436 2059 495 2093; x_wconf 67' lang='lat' dir='ltr'><strong>tlte</strong></span> <span class='ocrx_word' id='word_1_244' title='bbox 513 2059 611 2105; x_wconf 63' lang='lat' dir='ltr'><strong>lzjglct</strong></span> <span class='ocrx_word' id='word_1_245' title='bbox 626 2061 691 2094; x_wconf 76' lang='lat' dir='ltr'><strong>air</strong></span> <span class='ocrx_word' id='word_1_246' title='bbox 705 2060 872 2093; x_wconf 75' lang='lat' dir='ltr'><strong>sustains</strong></span> <span class='ocrx_word' id='word_1_247' title='bbox 889 2058 970 2093; x_wconf 72' lang='lat' dir='ltr'><strong>and</strong></span> <span class='ocrx_word' id='word_1_248' title='bbox 987 2061 1161 2104; x_wconf 74' lang='lat' dir='ltr'><strong>supports</strong></span> <span class='ocrx_word' id='word_1_249' title='bbox 1177 2058 1238 2093; x_wconf 72' lang='lat' dir='ltr'><strong>tlte</strong></span> <span class='ocrx_word' id='word_1_250' title='bbox 1254 2058 1409 2092; x_wconf 72' lang='lat' dir='ltr'><strong>lzeavier</strong></span> <span class='ocrx_word' id='word_1_251' title='bbox 1423 2057 1530 2092; x_wconf 72' lang='lat' dir='ltr'><strong>earth</strong></span> 
     </span>
     <span class='ocr_line' id='line_1_32' title="bbox 190 2105 1451 2151; baseline -0.002 -10"><span class='ocrx_word' id='word_1_252' title='bbox 190 2108 276 2151; x_wconf 80' lang='lat' dir='ltr'><strong>just</strong></span> <span class='ocrx_word' id='word_1_253' title='bbox 293 2118 335 2141; x_wconf 84' lang='lat' dir='ltr'><strong>as</strong></span> <span class='ocrx_word' id='word_1_254' title='bbox 350 2105 410 2141; x_wconf 79' lang='lat' dir='ltr'><strong>tlte</strong></span> <span class='ocrx_word' id='word_1_255' title='bbox 428 2107 526 2151; x_wconf 62' lang='lat' dir='ltr'><em>lzglzt</em></span> <span class='ocrx_word' id='word_1_256' title='bbox 540 2107 625 2141; x_wconf 74' lang='lat' dir='ltr'><strong>soal</strong></span> <span class='ocrx_word' id='word_1_257' title='bbox 638 2107 805 2140; x_wconf 76' lang='lat' dir='ltr'><strong>suslains</strong></span> <span class='ocrx_word' id='word_1_258' title='bbox 822 2107 901 2140; x_wconf 80' lang='lat' dir='ltr'><strong>and</strong></span> <span class='ocrx_word' id='word_1_259' title='bbox 914 2108 1089 2150; x_wconf 70' lang='lat' dir='ltr'><strong>supports</strong></span> <span class='ocrx_word' id='word_1_260' title='bbox 1105 2106 1166 2140; x_wconf 71' lang='lat' dir='ltr'><strong>tlte</strong></span> <span class='ocrx_word' id='word_1_261' title='bbox 1182 2105 1337 2139; x_wconf 72' lang='lat' dir='ltr'><strong>lzeavz&#39;er</strong></span> <span class='ocrx_word' id='word_1_262' title='bbox 1351 2105 1451 2149; x_wconf 83' lang='lat' dir='ltr'><strong>body.</strong></span> 
     </span>
    </p>
   </div>
   <div class='ocr_carea' id='block_1_4' title="bbox 199 2180 1528 2493">
    <p class='ocr_par' dir='ltr' id='par_1_17' title="bbox 199 2180 1528 2493">
     <span class='ocr_line' id='line_1_33' title="bbox 251 2180 1326 2232; baseline -0.002 -12"><span class='ocrx_word' id='word_1_263' title='bbox 251 2184 452 2232; x_wconf 87' lang='lat' dir='ltr'><strong>Terraque</strong></span> <span class='ocrx_word' id='word_1_264' title='bbox 481 2188 524 2219; x_wconf 89' lang='lat' dir='ltr'><strong>ut</strong></span> <span class='ocrx_word' id='word_1_265' title='bbox 553 2181 592 2218; x_wconf 90' lang='lat' dir='ltr'><strong>in</strong></span> <span class='ocrx_word' id='word_1_266' title='bbox 624 2180 754 2220; x_wconf 85' lang='lat' dir='ltr'><strong>media</strong></span> <span class='ocrx_word' id='word_1_267' title='bbox 784 2182 922 2220; x_wconf 89' lang='lat' dir='ltr'><strong>mundi</strong></span> <span class='ocrx_word' id='word_1_268' title='bbox 952 2182 1110 2230; x_wconf 86' lang='lat' dir='ltr'><strong>regione</strong></span> <span class='ocrx_word' id='word_1_269' title='bbox 1139 2181 1326 2230; x_wconf 84' lang='lat' dir='ltr'><strong>quiescat,</strong></span> 
     </span>
     <span class='ocr_line' id='line_1_34' title="bbox 199 2245 1528 2297; baseline -0.003 -10"><span class='ocrx_word' id='word_1_270' title='bbox 199 2260 431 2287; x_wconf 89' lang='lat' dir='ltr'><strong>evanescere</strong></span> <span class='ocrx_word' id='word_1_271' title='bbox 462 2245 649 2297; x_wconf 85' lang='lat' dir='ltr'><strong>paulatim</strong></span> <span class='ocrx_word' id='word_1_272' title='bbox 679 2253 717 2284; x_wconf 90' lang='lat' dir='ltr'><strong>et</strong></span> <span class='ocrx_word' id='word_1_273' title='bbox 746 2247 972 2285; x_wconf 85' lang='lat' dir='ltr'><strong>decrescere</strong></span> <span class='ocrx_word' id='word_1_274' title='bbox 1001 2247 1159 2296; x_wconf 89' lang='lat' dir='ltr'><strong>pondus</strong></span> <span class='ocrx_word' id='word_1_275' title='bbox 1467 2262 1528 2294; x_wconf 78' lang='lat'><strong>535</strong></span> 
     </span>
     <span class='ocr_line' id='line_1_35' title="bbox 199 2311 1235 2362; baseline -0.002 -10"><span class='ocrx_word' id='word_1_276' title='bbox 199 2312 396 2360; x_wconf 89' lang='lat' dir='ltr'><strong>convenit,</strong></span> <span class='ocrx_word' id='word_1_277' title='bbox 426 2320 545 2362; x_wconf 88' lang='lat' dir='ltr'><strong>atque</strong></span> <span class='ocrx_word' id='word_1_278' title='bbox 573 2313 689 2351; x_wconf 86' lang='lat' dir='ltr'><strong>aliam</strong></span> <span class='ocrx_word' id='word_1_279' title='bbox 719 2319 897 2350; x_wconf 87' lang='lat' dir='ltr'><strong>naturam</strong></span> <span class='ocrx_word' id='word_1_280' title='bbox 928 2311 1061 2351; x_wconf 85' lang='lat' dir='ltr'><strong>subter</strong></span> <span class='ocrx_word' id='word_1_281' title='bbox 1090 2311 1235 2350; x_wconf 90' lang='lat' dir='ltr'><strong>habere</strong></span> 
     </span>
     <span class='ocr_line' id='line_1_36' title="bbox 200 2377 1311 2426; baseline -0.001 -10"><span class='ocrx_word' id='word_1_282' title='bbox 200 2392 246 2417; x_wconf 81' lang='lat' dir='ltr'><strong>ex</strong></span> <span class='ocrx_word' id='word_1_283' title='bbox 276 2378 437 2417; x_wconf 87' lang='lat' dir='ltr'><strong>ineunte</strong></span> <span class='ocrx_word' id='word_1_284' title='bbox 465 2390 563 2417; x_wconf 86' lang='lat' dir='ltr'><strong>aevo</strong></span> <span class='ocrx_word' id='word_1_285' title='bbox 593 2377 844 2416; x_wconf 84' lang='lat' dir='ltr'><strong>coniunctam</strong></span> <span class='ocrx_word' id='word_1_286' title='bbox 875 2385 993 2426; x_wconf 87' lang='lat' dir='ltr'><strong>atque</strong></span> <span class='ocrx_word' id='word_1_287' title='bbox 1024 2377 1151 2415; x_wconf 88' lang='lat' dir='ltr'><strong>uniter</strong></span> <span class='ocrx_word' id='word_1_288' title='bbox 1180 2384 1311 2426; x_wconf 87' lang='lat' dir='ltr'><strong>aptam</strong></span> 
     </span>
     <span class='ocr_line' id='line_1_37' title="bbox 201 2441 1132 2493; baseline -0.001 -11"><span class='ocrx_word' id='word_1_289' title='bbox 201 2442 374 2493; x_wconf 87' lang='lat' dir='ltr'><strong>partibus</strong></span> <span class='ocrx_word' id='word_1_290' title='bbox 403 2442 515 2482; x_wconf 87' lang='lat' dir='ltr'><strong>aeriis</strong></span> <span class='ocrx_word' id='word_1_291' title='bbox 546 2442 682 2481; x_wconf 88' lang='lat' dir='ltr'><strong>mundi</strong></span> <span class='ocrx_word' id='word_1_292' title='bbox 713 2442 856 2492; x_wconf 87' lang='lat' dir='ltr'><strong>quibus</strong></span> <span class='ocrx_word' id='word_1_293' title='bbox 886 2441 1000 2481; x_wconf 84' lang='lat' dir='ltr'><strong>insita</strong></span> <span class='ocrx_word' id='word_1_294' title='bbox 1031 2441 1132 2481; x_wconf 82' lang='lat' dir='ltr'><strong>vivit.</strong></span> 
     </span>
    </p>
   </div>
   <div class='ocr_carea' id='block_1_5' title="bbox 843 2527 886 2562">
    <p class='ocr_par' dir='ltr' id='par_1_18' title="bbox 843 2527 886 2562">
     <span class='ocr_line' id='line_1_38' title="bbox 843 2527 886 2562; baseline 0 -12"><span class='ocrx_word' id='word_1_295' title='bbox 843 2527 886 2562; x_wconf 71' lang='lat'><strong>31</strong></span> 
     </span>
    </p>
   </div>
  </div>
 </body>
</html>
