1827 2796
0 2273 166 2342 *εἶν’

874 134 947 171 DE
981 133 1182 171 RERVM
1214 133 1446 171 NATVRA
1476 135 1511 170 V

182 248 435 288 quocumque
464 235 618 274 accidit.
676 236 716 274 id
746 236 835 275 licet
865 236 957 275 hinc
986 243 1224 287 cognoscere
1253 238 1388 287 possis,
1449 246 1510 286 285

181 302 291 353 quod
320 301 436 340 simul
464 314 510 340 ac
538 302 708 352 primum
738 301 864 341 nubes
894 303 1106 341 succedere
1135 303 1207 341 soli

182 380 347 418 coepere
376 374 414 407 et
442 366 571 406 radios
601 368 702 406 inter
729 367 841 418 quasi
870 380 1050 418 rumpere
1079 369 1187 415 lucis,

183 433 381 483 extemplo
410 433 567 471 inferior
595 445 682 482 pars
712 433 851 471 horum
881 432 1043 482 disperit
1072 432 1202 472 omnis

183 505 362 548 terraque
391 497 637 536 inumbratur
661 510 738 548 qua
768 497 892 536 nimbi
922 511 1093 548 cumque
1123 499 1324 545 feruntur;

183 570 226 602 ut
255 576 394 602 noscas
424 564 634 614 splendore
663 576 766 601 novo
795 575 854 601 res
884 575 1038 613 semper
1067 575 1179 612 egere
1452 579 1516 613 290

184 636 222 667 et
251 629 421 679 primum
451 627 596 667 iactum
626 627 785 678 fulgoris
815 640 1014 678 quemque
1044 629 1168 678 perire

185 706 258 732 nec
287 694 436 731 ratione
464 694 540 731 alia
568 706 627 732 res
656 706 773 743 posse
802 693 841 731 in
872 694 954 731 sole
983 692 1116 740 videri,

183 766 374 809 perpetuo
403 750 442 796 ni
472 757 697 808 suppeditet
725 759 822 797 lucis
851 765 969 808 caput
998 758 1137 808 ipsum.

185 823 281 875 quin
302 824 419 863 etiam
440 831 633 862 nocturna
652 823 734 871 tibi,
758 823 951 863 terrestria
972 836 1073 874 quae
1095 831 1198 871 sunt,

185 888 345 937 lumina,
376 890 595 939 pendentes
625 888 757 938 lychni
785 889 991 938 claraeque
1020 889 1191 926 coruscis
1453 903 1515 937 ²95

187 953 402 1004 fulguribus
432 955 595 1004 pingues
626 955 749 992 multa
777 952 943 1003 caligine
972 954 1110 992 taedae

186 1015 380 1054 consimili
410 1023 619 1067 properant
648 1017 809 1063 ratione,
838 1016 977 1054 ardore
1006 1015 1194 1062 ministro,

187 1082 438 1131 suppeditare
467 1094 613 1120 novum
644 1083 789 1127 lumen,
822 1088 987 1119 tremere
1017 1080 1172 1130 ignibus
1202 1080 1359 1128 instant,

187 1147 344 1193 instant,
376 1159 449 1185 nec
478 1148 565 1185 loca
593 1147 658 1184 lux
687 1147 786 1185 inter
815 1145 927 1196 quasi
956 1153 1068 1195 rupta
1097 1145 1290 1195 relinquit.

188 1223 313 1262 usque
342 1213 443 1251 adeo
470 1219 724 1262 properanter
752 1211 802 1250 ab
832 1211 1018 1250 omnibus
1048 1211 1203 1262 ignibus
1233 1212 1268 1249 ei
1459 1226 1521 1258 300

191 1276 351 1316 exitium
381 1276 498 1316 celeri
527 1278 676 1315 celatur
705 1277 853 1327 origine
884 1277 1076 1314 flammae.
1169 1316 1171 1319 ,

189 1343 244 1380 sic
273 1342 388 1392 igitur
416 1344 539 1381 solem
571 1343 705 1380 lunam
735 1343 945 1391 stellasque
975 1342 1233 1391 putandumst

189 1420 236 1446 ex
264 1408 341 1445 alio
369 1415 488 1457 atque
516 1409 593 1445 alio
622 1408 751 1446 lucem
782 1408 924 1445 iactare
954 1407 1117 1444 subortu

189 1480 227 1510 et
256 1472 426 1522 primum
456 1472 646 1522 quicquid
675 1473 920 1510 flammarum
951 1472 1114 1521 perdere
1145 1484 1299 1522 semper
1316 1486 1326 1519 ;

191 1537 430 1576 inviolabilia
458 1539 555 1577 haec
584 1551 634 1576 ne
663 1538 799 1576 credas
829 1538 926 1576 forte
955 1538 1093 1586 vigere.
1459 1553 1522 1585 305

245 1649 279 1683 T
274 1650 347 1683 ime
363 1649 525 1694 destroys
542 1649 772 1694 everyllzz'ng,
792 1659 881 1682 even
905 1648 965 1682 the
988 1659 1077 1692 vesy
1101 1648 1254 1682 hara'est
1276 1647 1416 1690 olql'ects,
1435 1646 1522 1681 such

191 1708 233 1730 as
265 1700 384 1730 stenes
418 1697 498 1730 and
527 1696 658 1730 metals
673 1709 684 1729 .·
720 1706 763 1728 ns
791 1696 875 1740 [lay
903 1695 978 1729 end
1000 1706 1038 1728 so
1070 1695 1156 1739 lleey
1189 1698 1290 1728 musl
1321 1695 1418 1728 have
1450 1694 1528 1728 lmcl

191 1756 213 1777 a
236 1745 432 1789 beginning
459 1744 537 1777 ancl
559 1747 694 1778 cannot
717 1742 812 1776 have
838 1742 982 1786 always
1007 1742 1152 1775 existed
1160 1755 1172 1775 .·
1195 1743 1266 1786 sor
1289 1742 1330 1786 is
1345 1742 1429 1786 they
1452 1741 1530 1776 had

190 1792 334 1826 exz'sled
335 1791 442 1835 from
460 1791 693 1835 everlasling
707 1790 790 1834 they
809 1790 939 1824 would
953 1794 1018 1823 not
1033 1800 1119 1823 now
1137 1789 1175 1823 be
1185 1789 1397 1833 perisln'ng:

247 1867 432 1916 Denique
462 1878 541 1904 non
571 1865 721 1915 lapides
751 1877 910 1914 quoque
939 1863 1042 1902 vinci
1071 1864 1197 1903 cernis
1226 1864 1277 1902 ab
1306 1876 1413 1910 aevo,

192 1944 274 1970 non
302 1933 398 1970 altas
427 1932 539 1969 turris
568 1943 678 1969 ruere
708 1938 745 1968 et
775 1937 997 1980 putrescere
1027 1942 1127 1977 saxa,

193 2009 273 2035 non
302 1996 466 2035 delubra
495 1997 614 2035 deum
644 1996 931 2044 simulacraque
961 1996 1060 2033 fessa
1090 1994 1225 2041 fatisci,

193 2075 266 2101 nec
295 2069 475 2100 sanctum
505 2073 652 2100 numen
682 2061 746 2099 fati
778 2061 985 2110 protollere
1016 2059 1103 2097 finis

193 2140 309 2178 posse
340 2139 468 2175 neque
498 2127 683 2164 adversus
714 2133 874 2163 naturae
903 2125 1062 2163 foedera
1092 2123 1194 2162 niti?
1461 2139 1525 2170 310

193 2193 365 2242 denique
395 2204 474 2229 non
506 2198 763 2260 monumessta
792 2191 915 2228 virum
946 2189 1097 2239 dilapsa
1125 2188 1315 2235 videmus
1473 2190 1476 2191 ⁷

193 2256 413 2308 Quaerere)
433 2268 620 2306 proporro
631 2233 934 2321 (sffi1'‘c‘u*iigqfie)
953 2266 1156 2293 senescere
1181 2236 1547 2327 {redasq‘pfsrfvss
1564 2260 1573 2269 ’

195 2336 275 2362 non
305 2334 415 2360 ruere
443 2322 599 2359 avulsos
629 2320 755 2359 silices
784 2333 807 2358 a
836 2319 1038 2358 montibus
1067 2319 1153 2357 altis
1518 2320 1528 2343 ἓ

195 2401 268 2427 nec
297 2386 444 2426 validas
473 2387 556 2424 aevi
586 2385 675 2423 viris
704 2385 872 2435 perferre
901 2384 1061 2434 patique

199 2453 327 2492 finiti?
358 2464 486 2502 neque
516 2451 621 2489 enim
655 2451 838 2490 caderem
869 2451 1002 2488 avulsa
1032 2456 1203 2499 repente,
1464 2462 1525 2495 315

844 2534 889 2569 23
