<?xml version="1.0" encoding="UTF-8"?>
<!DOCTYPE html PUBLIC "-//W3C//DTD XHTML 1.0 Transitional//EN"
    "http://www.w3.org/TR/xhtml1/DTD/xhtml1-transitional.dtd">
<html xmlns="http://www.w3.org/1999/xhtml" xml:lang="en" lang="en">
 <head>
  <title>
</title>
<meta http-equiv="Content-Type" content="text/html;charset=utf-8" />
  <meta name='ocr-system' content='tesseract 3.04.00' />
  <meta name='ocr-capabilities' content='ocr_page ocr_carea ocr_par ocr_line ocrx_word'/>
</head>
<body>
  <div class='ocr_page' id='page_1' title='image "./dererumnaturasel01lucruoft_0029.png"; bbox 0 0 1827 2796; ppageno 0'>
   <div class='ocr_carea' id='block_1_1' title="bbox 878 115 1522 155">
    <p class='ocr_par' dir='ltr' id='par_1_1' title="bbox 878 115 1522 155">
     <span class='ocr_line' id='line_1_1' title="bbox 878 115 1522 155; baseline -0.006 -1"><span class='ocrx_word' id='word_1_1' title='bbox 878 118 952 155; x_wconf 86' lang='lat' dir='ltr'>DE</span> <span class='ocrx_word' id='word_1_2' title='bbox 987 117 1188 154; x_wconf 81' lang='lat' dir='ltr'>RERVM</span> <span class='ocrx_word' id='word_1_3' title='bbox 1223 115 1457 153; x_wconf 83' lang='lat' dir='ltr'><strong>NATVRA</strong></span> <span class='ocrx_word' id='word_1_4' title='bbox 1487 115 1522 150; x_wconf 83' lang='lat' dir='ltr'>V</span> 
     </span>
    </p>
   </div>
   <div class='ocr_carea' id='block_1_2' title="bbox 185 223 1522 1085">
    <p class='ocr_par' dir='ltr' id='par_1_2' title="bbox 188 223 1084 272">
     <span class='ocr_line' id='line_1_2' title="bbox 188 223 1084 272; baseline -0.006 -8"><span class='ocrx_word' id='word_1_5' title='bbox 188 232 254 265; x_wconf 88' lang='lat' dir='ltr'>aut</span> <span class='ocrx_word' id='word_1_6' title='bbox 284 237 330 264; x_wconf 85' lang='lat' dir='ltr'>ex</span> <span class='ocrx_word' id='word_1_7' title='bbox 360 223 551 262; x_wconf 89' lang='lat' dir='ltr'>imbribus</span> <span class='ocrx_word' id='word_1_8' title='bbox 579 223 745 262; x_wconf 80' lang='lat' dir='ltr'>assiduis</span> <span class='ocrx_word' id='word_1_9' title='bbox 775 223 898 261; x_wconf 82' lang='lat' dir='ltr'>exisse</span> <span class='ocrx_word' id='word_1_10' title='bbox 926 233 1084 272; x_wconf 79' lang='lat' dir='ltr'>rapaces</span> 
     </span>
    </p>

    <p class='ocr_par' dir='ltr' id='par_1_3' title="bbox 187 287 1142 341">
     <span class='ocr_line' id='line_1_3' title="bbox 187 287 1142 341; baseline -0.005 -12"><span class='ocrx_word' id='word_1_11' title='bbox 187 303 255 341; x_wconf 85' lang='lat' dir='ltr'>per</span> <span class='ocrx_word' id='word_1_12' title='bbox 283 297 403 329; x_wconf 88' lang='lat' dir='ltr'>terras</span> <span class='ocrx_word' id='word_1_13' title='bbox 431 289 557 327; x_wconf 89' lang='lat' dir='ltr'>amnis</span> <span class='ocrx_word' id='word_1_14' title='bbox 586 296 704 339; x_wconf 90' lang='lat' dir='ltr'>atque</span> <span class='ocrx_word' id='word_1_15' title='bbox 733 288 879 339; x_wconf 89' lang='lat' dir='ltr'>oppida</span> <span class='ocrx_word' id='word_1_16' title='bbox 907 287 1142 337; x_wconf 86' lang='lat' dir='ltr'>coperuisse‚</span> 
     </span>
    </p>

    <p class='ocr_par' dir='ltr' id='par_1_4' title="bbox 187 351 1180 403">
     <span class='ocr_line' id='line_1_4' title="bbox 187 351 1180 403; baseline -0.006 -11"><span class='ocrx_word' id='word_1_17' title='bbox 187 360 297 392; x_wconf 89' lang='lat' dir='ltr'>tanto</span> <span class='ocrx_word' id='word_1_18' title='bbox 327 351 474 403; x_wconf 88' lang='lat' dir='ltr'>quique</span> <span class='ocrx_word' id='word_1_19' title='bbox 504 352 626 401; x_wconf 80' lang='lat' dir='ltr'>magis</span> <span class='ocrx_word' id='word_1_20' title='bbox 656 352 780 390; x_wconf 90' lang='lat' dir='ltr'>victus</span> <span class='ocrx_word' id='word_1_21' title='bbox 808 351 953 388; x_wconf 84' lang='lat' dir='ltr'>fateare</span> <span class='ocrx_word' id='word_1_22' title='bbox 982 354 1180 388; x_wconf 84' lang='lat' dir='ltr'>necessest</span> 
     </span>
    </p>

    <p class='ocr_par' dir='ltr' id='par_1_5' title="bbox 187 414 1174 467">
     <span class='ocr_line' id='line_1_5' title="bbox 187 414 1174 467; baseline -0.006 -10"><span class='ocrx_word' id='word_1_23' title='bbox 187 418 347 458; x_wconf 86' lang='lat' dir='ltr'>exitium</span> <span class='ocrx_word' id='word_1_24' title='bbox 377 429 537 467; x_wconf 89' lang='lat' dir='ltr'>quoque</span> <span class='ocrx_word' id='word_1_25' title='bbox 565 424 752 455; x_wconf 88' lang='lat' dir='ltr'>terrarum</span> <span class='ocrx_word' id='word_1_26' title='bbox 781 414 960 465; x_wconf 88' lang='lat' dir='ltr'>caelique</span> <span class='ocrx_word' id='word_1_27' title='bbox 988 415 1174 452; x_wconf 86' lang='lat' dir='ltr'>futurum.</span> 
     </span>
    </p>

    <p class='ocr_par' dir='ltr' id='par_1_6' title="bbox 185 477 1520 530">
     <span class='ocr_line' id='line_1_6' title="bbox 185 477 1520 530; baseline -0.006 -8"><span class='ocrx_word' id='word_1_28' title='bbox 185 497 279 523; x_wconf 88' lang='lat' dir='ltr'>nam</span> <span class='ocrx_word' id='word_1_29' title='bbox 308 495 400 521; x_wconf 90' lang='lat' dir='ltr'>cum</span> <span class='ocrx_word' id='word_1_30' title='bbox 429 494 489 521; x_wconf 91' lang='lat' dir='ltr'>res</span> <span class='ocrx_word' id='word_1_31' title='bbox 518 481 635 520; x_wconf 91' lang='lat' dir='ltr'>tantis</span> <span class='ocrx_word' id='word_1_32' title='bbox 665 480 812 520; x_wconf 87' lang='lat' dir='ltr'>morbis</span> <span class='ocrx_word' id='word_1_33' title='bbox 841 479 1037 530; x_wconf 85' lang='lat' dir='ltr'>tantisque</span> <span class='ocrx_word' id='word_1_34' title='bbox 1066 477 1220 529; x_wconf 87' lang='lat' dir='ltr'>periclis</span> <span class='ocrx_word' id='word_1_35' title='bbox 1458 493 1520 526; x_wconf 84' lang='lat'>345</span> 
     </span>
    </p>

    <p class='ocr_par' dir='ltr' id='par_1_7' title="bbox 186 544 1073 599">
     <span class='ocr_line' id='line_1_7' title="bbox 186 544 1073 599; baseline -0.007 -11"><span class='ocrx_word' id='word_1_36' title='bbox 186 555 481 599; x_wconf 89' lang='lat' dir='ltr'>temptarentur,</span> <span class='ocrx_word' id='word_1_37' title='bbox 512 547 567 586; x_wconf 91' lang='lat' dir='ltr'>ibi</span> <span class='ocrx_word' id='word_1_38' title='bbox 596 546 627 585; x_wconf 91' lang='lat' dir='ltr'>si</span> <span class='ocrx_word' id='word_1_39' title='bbox 656 547 800 585; x_wconf 87' lang='lat' dir='ltr'>tristior</span> <span class='ocrx_word' id='word_1_40' title='bbox 829 544 1073 584; x_wconf 82' lang='lat' dir='ltr'>incubuisset</span> 
     </span>
    </p>

    <p class='ocr_par' dir='ltr' id='par_1_8' title="bbox 186 610 1212 661">
     <span class='ocr_line' id='line_1_8' title="bbox 186 610 1212 661; baseline -0.005 -9"><span class='ocrx_word' id='word_1_41' title='bbox 186 625 313 661; x_wconf 89' lang='lat' dir='ltr'>causa,</span> <span class='ocrx_word' id='word_1_42' title='bbox 345 614 483 652; x_wconf 88' lang='lat' dir='ltr'>darent</span> <span class='ocrx_word' id='word_1_43' title='bbox 512 614 588 651; x_wconf 87' lang='lat' dir='ltr'>late</span> <span class='ocrx_word' id='word_1_44' title='bbox 617 613 770 651; x_wconf 83' lang='lat' dir='ltr'>cladem</span> <span class='ocrx_word' id='word_1_45' title='bbox 801 623 1042 661; x_wconf 83' lang='lat' dir='ltr'>magnasque</span> <span class='ocrx_word' id='word_1_46' title='bbox 1071 610 1212 648; x_wconf 89' lang='lat' dir='ltr'>ruinas.</span> 
     </span>
    </p>

    <p class='ocr_par' dir='ltr' id='par_1_9' title="bbox 187 677 1076 718">
     <span class='ocr_line' id='line_1_9' title="bbox 187 677 1076 718; baseline -0.003 -2"><span class='ocrx_word' id='word_1_47' title='bbox 187 691 261 717; x_wconf 90' lang='lat' dir='ltr'>nec</span> <span class='ocrx_word' id='word_1_48' title='bbox 288 679 440 718; x_wconf 89' lang='lat' dir='ltr'>ratione</span> <span class='ocrx_word' id='word_1_49' title='bbox 468 679 543 716; x_wconf 90' lang='lat' dir='ltr'>alia</span> <span class='ocrx_word' id='word_1_50' title='bbox 571 678 753 716; x_wconf 83' lang='lat' dir='ltr'>mortales</span> <span class='ocrx_word' id='word_1_51' title='bbox 783 689 868 716; x_wconf 88' lang='lat' dir='ltr'>esse</span> <span class='ocrx_word' id='word_1_52' title='bbox 898 677 1076 714; x_wconf 84' lang='lat' dir='ltr'>videmur</span> 
     </span>
    </p>

    <p class='ocr_par' dir='ltr' id='par_1_10' title="bbox 187 740 1262 793">
     <span class='ocr_line' id='line_1_10' title="bbox 187 740 1262 793; baseline -0.004 -11"><span class='ocrx_word' id='word_1_53' title='bbox 187 743 286 782; x_wconf 88' lang='lat' dir='ltr'>inter</span> <span class='ocrx_word' id='word_1_54' title='bbox 314 756 398 791; x_wconf 90' lang='lat' dir='ltr'>nos,</span> <span class='ocrx_word' id='word_1_55' title='bbox 429 742 503 782; x_wconf 89' lang='lat' dir='ltr'>nisi</span> <span class='ocrx_word' id='word_1_56' title='bbox 532 743 640 793; x_wconf 86' lang='lat' dir='ltr'>quod</span> <span class='ocrx_word' id='word_1_57' title='bbox 670 741 818 780; x_wconf 86' lang='lat' dir='ltr'>morbis</span> <span class='ocrx_word' id='word_1_58' title='bbox 846 742 1107 792; x_wconf 85' lang='lat' dir='ltr'>aegrescimus</span> <span class='ocrx_word' id='word_1_59' title='bbox 1138 740 1262 779; x_wconf 86' lang='lat' dir='ltr'>isdem</span> 
     </span>
    </p>

    <p class='ocr_par' dir='ltr' id='par_1_11' title="bbox 186 806 1521 944">
     <span class='ocr_line' id='line_1_11' title="bbox 186 806 1520 859; baseline -0.004 -12"><span class='ocrx_word' id='word_1_60' title='bbox 186 816 304 859; x_wconf 88' lang='lat' dir='ltr'>atque</span> <span class='ocrx_word' id='word_1_61' title='bbox 334 808 387 847; x_wconf 90' lang='lat' dir='ltr'>illi</span> <span class='ocrx_word' id='word_1_62' title='bbox 416 821 516 859; x_wconf 89' lang='lat' dir='ltr'>quos</span> <span class='ocrx_word' id='word_1_63' title='bbox 545 821 567 847; x_wconf 87' lang='lat' dir='ltr'>a</span> <span class='ocrx_word' id='word_1_64' title='bbox 596 809 673 846; x_wconf 87' lang='lat' dir='ltr'>vita</span> <span class='ocrx_word' id='word_1_65' title='bbox 702 814 840 846; x_wconf 89' lang='lat' dir='ltr'>natura</span> <span class='ocrx_word' id='word_1_66' title='bbox 868 806 1044 846; x_wconf 84' lang='lat' dir='ltr'>removit.</span> <span class='ocrx_word' id='word_1_67' title='bbox 1458 820 1520 852; x_wconf 83' lang='lat'>350</span> 
     </span>
     <span class='ocr_line' id='line_1_12' title="bbox 241 895 1521 944; baseline -0.004 -11"><span class='ocrx_word' id='word_1_68' title='bbox 241 898 382 944; x_wconf 79' lang='lat' dir='ltr'>leings</span> <span class='ocrx_word' id='word_1_69' title='bbox 408 898 493 933; x_wconf 75' lang='lat' dir='ltr'>that</span> <span class='ocrx_word' id='word_1_70' title='bbox 514 909 579 932; x_wconf 78' lang='lat' dir='ltr'>are</span> <span class='ocrx_word' id='word_1_71' title='bbox 604 897 801 931; x_wconf 77' lang='lat' dir='ltr'>z&#39;mmortal</span> <span class='ocrx_word' id='word_1_72' title='bbox 822 900 922 930; x_wconf 82' lang='lat' dir='ltr'>must</span> <span class='ocrx_word' id='word_1_73' title='bbox 946 895 1065 930; x_wconf 71' lang='lat' dir='ltr'>either</span> <span class='ocrx_word' id='word_1_74' title='bbox 1094 896 1131 929; x_wconf 79' lang='lat' dir='ltr'>be</span> <span class='ocrx_word' id='word_1_75' title='bbox 1157 895 1419 940; x_wconf 72' lang='lat' dir='ltr'>impenetrable</span> <span class='ocrx_word' id='word_1_76' title='bbox 1448 895 1521 929; x_wconf 75' lang='lat' dir='ltr'>like</span> 
     </span>
    </p>

    <p class='ocr_par' dir='ltr' id='par_1_12' title="bbox 186 942 1521 991">
     <span class='ocr_line' id='line_1_13' title="bbox 186 942 1521 991; baseline -0.004 -11"><span class='ocrx_word' id='word_1_77' title='bbox 186 950 313 987; x_wconf 82' lang='lat' dir='ltr'>atoms,</span> <span class='ocrx_word' id='word_1_78' title='bbox 332 945 540 991; x_wconf 77' lang='lat' dir='ltr'>inlangible</span> <span class='ocrx_word' id='word_1_79' title='bbox 555 944 629 978; x_wconf 78' lang='lat' dir='ltr'>like</span> <span class='ocrx_word' id='word_1_80' title='bbox 645 945 744 986; x_wconf 66' lang='lat' dir='ltr'>void,</span> <span class='ocrx_word' id='word_1_81' title='bbox 763 955 807 977; x_wconf 80' lang='lat' dir='ltr'>or</span> <span class='ocrx_word' id='word_1_82' title='bbox 822 943 923 978; x_wconf 74' lang='lat' dir='ltr'>there</span> <span class='ocrx_word' id='word_1_83' title='bbox 939 948 1041 977; x_wconf 72' lang='lat' dir='ltr'>must</span> <span class='ocrx_word' id='word_1_84' title='bbox 1057 943 1096 976; x_wconf 87' lang='lat' dir='ltr'>be</span> <span class='ocrx_word' id='word_1_85' title='bbox 1108 954 1154 976; x_wconf 80' lang='lat'>720</span> <span class='ocrx_word' id='word_1_86' title='bbox 1172 945 1276 987; x_wconf 76' lang='lat' dir='ltr'>space</span> <span class='ocrx_word' id='word_1_87' title='bbox 1293 942 1433 987; x_wconf 77' lang='lat' dir='ltr'>beyond</span> <span class='ocrx_word' id='word_1_88' title='bbox 1443 943 1521 976; x_wconf 79' lang='lat' dir='ltr'>into</span> 
     </span>
    </p>

    <p class='ocr_par' dir='ltr' id='par_1_13' title="bbox 186 989 1522 1038">
     <span class='ocr_line' id='line_1_14' title="bbox 186 989 1522 1038; baseline -0.004 -10"><span class='ocrx_word' id='word_1_89' title='bbox 186 993 308 1028; x_wconf 78' lang='lat' dir='ltr'>wln&#39;clz</span> <span class='ocrx_word' id='word_1_90' title='bbox 334 993 418 1038; x_wconf 71' lang='lat' dir='ltr'>they</span> <span class='ocrx_word' id='word_1_91' title='bbox 443 1004 510 1026; x_wconf 79' lang='lat' dir='ltr'>can</span> <span class='ocrx_word' id='word_1_92' title='bbox 530 995 622 1037; x_wconf 75' lang='lat' dir='ltr'>pass</span> <span class='ocrx_word' id='word_1_93' title='bbox 647 992 728 1025; x_wconf 77' lang='lat' dir='ltr'>and</span> <span class='ocrx_word' id='word_1_94' title='bbox 749 991 787 1025; x_wconf 80' lang='lat' dir='ltr'>be</span> <span class='ocrx_word' id='word_1_95' title='bbox 811 990 1008 1035; x_wconf 78' lang='lat' dir='ltr'>destroyed,</span> <span class='ocrx_word' id='word_1_96' title='bbox 1028 1001 1070 1024; x_wconf 83' lang='lat' dir='ltr'>as</span> <span class='ocrx_word' id='word_1_97' title='bbox 1095 991 1127 1024; x_wconf 86' lang='lat' dir='ltr'>z‘s</span> <span class='ocrx_word' id='word_1_98' title='bbox 1153 990 1213 1024; x_wconf 75' lang='lat' dir='ltr'>tlte</span> <span class='ocrx_word' id='word_1_99' title='bbox 1237 1001 1316 1024; x_wconf 80' lang='lat' dir='ltr'>case</span> <span class='ocrx_word' id='word_1_100' title='bbox 1343 989 1435 1023; x_wconf 70' lang='lat' dir='ltr'>with</span> <span class='ocrx_word' id='word_1_101' title='bbox 1463 989 1522 1023; x_wconf 70' lang='lat' dir='ltr'>she</span> 
     </span>
    </p>

    <p class='ocr_par' dir='ltr' id='par_1_14' title="bbox 186 1036 1519 1085">
     <span class='ocr_line' id='line_1_15' title="bbox 186 1036 1519 1085; baseline -0.004 -11"><span class='ocrx_word' id='word_1_102' title='bbox 186 1041 360 1074; x_wconf 72' lang='lat' dir='ltr'>universe</span> <span class='ocrx_word' id='word_1_103' title='bbox 378 1040 488 1085; x_wconf 72' lang='lat' dir='ltr'>isself.</span> <span class='ocrx_word' id='word_1_104' title='bbox 540 1039 648 1073; x_wconf 78' lang='lat' dir='ltr'>None</span> <span class='ocrx_word' id='word_1_105' title='bbox 664 1039 710 1084; x_wconf 86' lang='lat' dir='ltr'>os</span> <span class='ocrx_word' id='word_1_106' title='bbox 723 1039 820 1072; x_wconf 68' lang='lat' dir='ltr'>illese</span> <span class='ocrx_word' id='word_1_107' title='bbox 842 1039 1047 1072; x_wconf 78' lang='lat' dir='ltr'>condz&#39;tz‘ons</span> <span class='ocrx_word' id='word_1_108' title='bbox 1069 1049 1133 1070; x_wconf 77' lang='lat' dir='ltr'>are</span> <span class='ocrx_word' id='word_1_109' title='bbox 1150 1040 1236 1070; x_wconf 79' lang='lat' dir='ltr'>true</span> <span class='ocrx_word' id='word_1_110' title='bbox 1252 1037 1297 1082; x_wconf 87' lang='lat' dir='ltr'>of</span> <span class='ocrx_word' id='word_1_111' title='bbox 1306 1037 1366 1071; x_wconf 75' lang='lat' dir='ltr'>the</span> <span class='ocrx_word' id='word_1_112' title='bbox 1388 1036 1519 1079; x_wconf 76' lang='lat' dir='ltr'>world,</span> 
     </span>
    </p>
   </div>
   <div class='ocr_carea' id='block_1_3' title="bbox 185 1083 1524 1180">
    <p class='ocr_par' dir='ltr' id='par_1_15' title="bbox 185 1083 1524 1180">
     <span class='ocr_line' id='line_1_16' title="bbox 185 1083 1524 1133; baseline -0.004 -11"><span class='ocrx_word' id='word_1_113' title='bbox 185 1088 364 1133; x_wconf 72' lang='lat' dir='ltr'>therefore</span> <span class='ocrx_word' id='word_1_114' title='bbox 393 1088 425 1120; x_wconf 83' lang='lat' dir='ltr'>z&#39;t</span> <span class='ocrx_word' id='word_1_115' title='bbox 452 1090 551 1120; x_wconf 83' lang='lat' dir='ltr'>must</span> <span class='ocrx_word' id='word_1_116' title='bbox 572 1085 714 1130; x_wconf 74' lang='lat' dir='ltr'>perislz,</span> <span class='ocrx_word' id='word_1_117' title='bbox 745 1085 826 1119; x_wconf 80' lang='lat' dir='ltr'>and</span> <span class='ocrx_word' id='word_1_118' title='bbox 845 1085 884 1130; x_wconf 87' lang='lat' dir='ltr'>zf</span> <span class='ocrx_word' id='word_1_119' title='bbox 905 1086 937 1118; x_wconf 81' lang='lat' dir='ltr'>it</span> <span class='ocrx_word' id='word_1_120' title='bbox 954 1085 1122 1128; x_wconf 73' lang='lat' dir='ltr'>pem&#39;slzes</span> <span class='ocrx_word' id='word_1_121' title='bbox 1147 1085 1180 1118; x_wconf 72' lang='lat' dir='ltr'>it</span> <span class='ocrx_word' id='word_1_122' title='bbox 1203 1088 1302 1118; x_wconf 77' lang='lat' dir='ltr'>must</span> <span class='ocrx_word' id='word_1_123' title='bbox 1326 1084 1422 1117; x_wconf 60' lang='lat' dir='ltr'>leave</span> <span class='ocrx_word' id='word_1_124' title='bbox 1446 1083 1524 1117; x_wconf 70' lang='lat' dir='ltr'>lead</span> 
     </span>
     <span class='ocr_line' id='line_1_17' title="bbox 185 1132 1338 1180; baseline -0.003 -12"><span class='ocrx_word' id='word_1_125' title='bbox 185 1147 207 1169; x_wconf 80' lang='lat' dir='ltr'><em>a</em></span> <span class='ocrx_word' id='word_1_126' title='bbox 226 1134 432 1180; x_wconf 76' lang='lat' dir='ltr'>beginning</span> <span class='ocrx_word' id='word_1_127' title='bbox 445 1134 524 1168; x_wconf 80' lang='lat' dir='ltr'>and</span> <span class='ocrx_word' id='word_1_128' title='bbox 538 1137 604 1167; x_wconf 77' lang='lat' dir='ltr'>nol</span> <span class='ocrx_word' id='word_1_129' title='bbox 618 1132 714 1167; x_wconf 79' lang='lat' dir='ltr'>have</span> <span class='ocrx_word' id='word_1_130' title='bbox 730 1133 873 1167; x_wconf 79' lang='lat' dir='ltr'>existed</span> <span class='ocrx_word' id='word_1_131' title='bbox 874 1132 983 1177; x_wconf 77' lang='lat' dir='ltr'>from</span> <span class='ocrx_word' id='word_1_132' title='bbox 1000 1132 1231 1177; x_wconf 69' lang='lat' dir='ltr'>everlastmg</span> <span class='ocrx_word' id='word_1_133' title='bbox 1243 1142 1338 1177; x_wconf 74' lang='lat' dir='ltr'>ages.</span> 
     </span>
    </p>
   </div>
   <div class='ocr_carea' id='block_1_4' title="bbox 182 1205 1519 2506">
    <p class='ocr_par' dir='ltr' id='par_1_16' title="bbox 182 1205 1519 2506">
     <span class='ocr_line' id='line_1_18' title="bbox 240 1205 1357 1253; baseline -0.004 -11"><span class='ocrx_word' id='word_1_134' title='bbox 240 1205 445 1242; x_wconf 87' lang='lat' dir='ltr'>Praeterea</span> <span class='ocrx_word' id='word_1_135' title='bbox 473 1215 748 1253; x_wconf 86' lang='lat' dir='ltr'>quaecumque</span> <span class='ocrx_word' id='word_1_136' title='bbox 777 1208 940 1241; x_wconf 89' lang='lat' dir='ltr'>manent</span> <span class='ocrx_word' id='word_1_137' title='bbox 969 1208 1127 1240; x_wconf 88' lang='lat' dir='ltr'>aeterna</span> <span class='ocrx_word' id='word_1_138' title='bbox 1156 1207 1357 1239; x_wconf 88' lang='lat' dir='ltr'>necessust</span> 
     </span>
     <span class='ocr_line' id='line_1_19' title="bbox 184 1265 1328 1319; baseline -0.003 -11"><span class='ocrx_word' id='word_1_139' title='bbox 184 1276 261 1317; x_wconf 89' lang='lat' dir='ltr'>aut,</span> <span class='ocrx_word' id='word_1_140' title='bbox 293 1269 385 1319; x_wconf 89' lang='lat' dir='ltr'>quia</span> <span class='ocrx_word' id='word_1_141' title='bbox 414 1275 504 1307; x_wconf 86' lang='lat' dir='ltr'>sunt</span> <span class='ocrx_word' id='word_1_142' title='bbox 534 1267 662 1307; x_wconf 89' lang='lat' dir='ltr'>solido</span> <span class='ocrx_word' id='word_1_143' title='bbox 690 1281 782 1306; x_wconf 91' lang='lat' dir='ltr'>cum</span> <span class='ocrx_word' id='word_1_144' title='bbox 812 1280 985 1318; x_wconf 86' lang='lat' dir='ltr'>corpore,</span> <span class='ocrx_word' id='word_1_145' title='bbox 1018 1278 1200 1317; x_wconf 89' lang='lat' dir='ltr'>respuere</span> <span class='ocrx_word' id='word_1_146' title='bbox 1228 1265 1328 1304; x_wconf 89' lang='lat' dir='ltr'>ictus</span> 
     </span>
     <span class='ocr_line' id='line_1_20' title="bbox 183 1332 1360 1384; baseline -0.003 -11"><span class='ocrx_word' id='word_1_147' title='bbox 183 1347 258 1374; x_wconf 90' lang='lat' dir='ltr'>nec</span> <span class='ocrx_word' id='word_1_148' title='bbox 287 1341 490 1384; x_wconf 87' lang='lat' dir='ltr'>penetrare</span> <span class='ocrx_word' id='word_1_149' title='bbox 518 1333 599 1384; x_wconf 91' lang='lat' dir='ltr'>pati</span> <span class='ocrx_word' id='word_1_150' title='bbox 628 1333 701 1372; x_wconf 87' lang='lat' dir='ltr'>sibi</span> <span class='ocrx_word' id='word_1_151' title='bbox 731 1332 944 1383; x_wconf 85' lang='lat' dir='ltr'>quicquam</span> <span class='ocrx_word' id='word_1_152' title='bbox 974 1333 1082 1383; x_wconf 89' lang='lat' dir='ltr'>quod</span> <span class='ocrx_word' id='word_1_153' title='bbox 1112 1339 1231 1382; x_wconf 85' lang='lat' dir='ltr'>queat</span> <span class='ocrx_word' id='word_1_154' title='bbox 1259 1338 1360 1370; x_wconf 88' lang='lat' dir='ltr'>artas</span> 
     </span>
     <span class='ocr_line' id='line_1_21' title="bbox 185 1397 968 1448; baseline -0.003 -10"><span class='ocrx_word' id='word_1_155' title='bbox 185 1399 396 1439; x_wconf 87' lang='lat' dir='ltr'>dissociare</span> <span class='ocrx_word' id='word_1_156' title='bbox 425 1400 530 1438; x_wconf 88' lang='lat' dir='ltr'>intus</span> <span class='ocrx_word' id='word_1_157' title='bbox 559 1398 688 1448; x_wconf 89' lang='lat' dir='ltr'>partis,</span> <span class='ocrx_word' id='word_1_158' title='bbox 721 1405 763 1437; x_wconf 93' lang='lat' dir='ltr'>ut</span> <span class='ocrx_word' id='word_1_159' title='bbox 792 1397 968 1438; x_wconf 85' lang='lat' dir='ltr'>materiai</span> 
     </span>
     <span class='ocr_line' id='line_1_22' title="bbox 184 1464 1516 1516; baseline -0.003 -12"><span class='ocrx_word' id='word_1_160' title='bbox 184 1478 349 1516; x_wconf 88' lang='lat' dir='ltr'>corpora</span> <span class='ocrx_word' id='word_1_161' title='bbox 377 1472 468 1503; x_wconf 87' lang='lat' dir='ltr'>sunt</span> <span class='ocrx_word' id='word_1_162' title='bbox 497 1477 664 1514; x_wconf 87' lang='lat' dir='ltr'>quorum</span> <span class='ocrx_word' id='word_1_163' title='bbox 695 1471 873 1502; x_wconf 87' lang='lat' dir='ltr'>naturam</span> <span class='ocrx_word' id='word_1_164' title='bbox 904 1464 1149 1502; x_wconf 83' lang='lat' dir='ltr'>ostendimus</span> <span class='ocrx_word' id='word_1_165' title='bbox 1179 1470 1280 1509; x_wconf 87' lang='lat' dir='ltr'>ante,</span> <span class='ocrx_word' id='word_1_166' title='bbox 1455 1477 1516 1510; x_wconf 82' lang='lat'>355</span> 
     </span>
     <span class='ocr_line' id='line_1_23' title="bbox 184 1530 1180 1579; baseline -0.005 -9"><span class='ocrx_word' id='word_1_167' title='bbox 184 1538 251 1570; x_wconf 85' lang='lat' dir='ltr'>aut</span> <span class='ocrx_word' id='word_1_168' title='bbox 281 1531 371 1569; x_wconf 91' lang='lat' dir='ltr'>ideo</span> <span class='ocrx_word' id='word_1_169' title='bbox 400 1530 539 1568; x_wconf 88' lang='lat' dir='ltr'>durare</span> <span class='ocrx_word' id='word_1_170' title='bbox 568 1535 736 1568; x_wconf 87' lang='lat' dir='ltr'>aetatem</span> <span class='ocrx_word' id='word_1_171' title='bbox 766 1541 882 1579; x_wconf 88' lang='lat' dir='ltr'>posse</span> <span class='ocrx_word' id='word_1_172' title='bbox 910 1540 979 1578; x_wconf 87' lang='lat' dir='ltr'>per</span> <span class='ocrx_word' id='word_1_173' title='bbox 1007 1540 1180 1574; x_wconf 89' lang='lat' dir='ltr'>omnem,</span> 
     </span>
     <span class='ocr_line' id='line_1_24' title="bbox 185 1593 1199 1647; baseline -0.004 -13"><span class='ocrx_word' id='word_1_174' title='bbox 185 1597 386 1647; x_wconf 85' lang='lat' dir='ltr'>plagarum</span> <span class='ocrx_word' id='word_1_175' title='bbox 417 1595 507 1644; x_wconf 89' lang='lat' dir='ltr'>quia</span> <span class='ocrx_word' id='word_1_176' title='bbox 537 1601 627 1632; x_wconf 89' lang='lat' dir='ltr'>sunt</span> <span class='ocrx_word' id='word_1_177' title='bbox 656 1594 841 1644; x_wconf 80' lang='lat' dir='ltr'>expertia,</span> <span class='ocrx_word' id='word_1_178' title='bbox 870 1593 969 1632; x_wconf 87' lang='lat' dir='ltr'>sicut</span> <span class='ocrx_word' id='word_1_179' title='bbox 999 1594 1116 1631; x_wconf 90' lang='lat' dir='ltr'>inane</span> <span class='ocrx_word' id='word_1_180' title='bbox 1142 1600 1199 1631; x_wconf 89' lang='lat' dir='ltr'>est</span> 
     </span>
     <span class='ocr_line' id='line_1_25' title="bbox 185 1657 1388 1710; baseline -0.002 -12"><span class='ocrx_word' id='word_1_181' title='bbox 185 1661 293 1710; x_wconf 85' lang='lat' dir='ltr'>quod</span> <span class='ocrx_word' id='word_1_182' title='bbox 323 1667 456 1698; x_wconf 89' lang='lat' dir='ltr'>manet</span> <span class='ocrx_word' id='word_1_183' title='bbox 485 1660 675 1698; x_wconf 86' lang='lat' dir='ltr'>intactum</span> <span class='ocrx_word' id='word_1_184' title='bbox 705 1671 835 1708; x_wconf 88' lang='lat' dir='ltr'>neque</span> <span class='ocrx_word' id='word_1_185' title='bbox 863 1659 914 1696; x_wconf 89' lang='lat' dir='ltr'>ab</span> <span class='ocrx_word' id='word_1_186' title='bbox 943 1658 1022 1696; x_wconf 88' lang='lat' dir='ltr'>ictu</span> <span class='ocrx_word' id='word_1_187' title='bbox 1053 1657 1225 1708; x_wconf 84' lang='lat' dir='ltr'>fungitur</span> <span class='ocrx_word' id='word_1_188' title='bbox 1253 1657 1388 1704; x_wconf 82' lang='lat' dir='ltr'>hilum,</span> 
     </span>
     <span class='ocr_line' id='line_1_26' title="bbox 184 1724 1165 1775; baseline -0.003 -10"><span class='ocrx_word' id='word_1_189' title='bbox 184 1733 251 1765; x_wconf 91' lang='lat' dir='ltr'>aut</span> <span class='ocrx_word' id='word_1_190' title='bbox 280 1727 398 1765; x_wconf 89' lang='lat' dir='ltr'>etiam</span> <span class='ocrx_word' id='word_1_191' title='bbox 431 1726 522 1775; x_wconf 88' lang='lat' dir='ltr'>quia</span> <span class='ocrx_word' id='word_1_192' title='bbox 551 1725 658 1763; x_wconf 88' lang='lat' dir='ltr'>nulla</span> <span class='ocrx_word' id='word_1_193' title='bbox 686 1725 762 1763; x_wconf 92' lang='lat' dir='ltr'>loci</span> <span class='ocrx_word' id='word_1_194' title='bbox 792 1725 834 1763; x_wconf 88' lang='lat' dir='ltr'>fit</span> <span class='ocrx_word' id='word_1_195' title='bbox 864 1724 978 1774; x_wconf 92' lang='lat' dir='ltr'>copia</span> <span class='ocrx_word' id='word_1_196' title='bbox 1007 1725 1165 1771; x_wconf 87' lang='lat' dir='ltr'>circum,</span> 
     </span>
     <span class='ocr_line' id='line_1_27' title="bbox 184 1787 1519 1840; baseline -0.001 -11"><span class='ocrx_word' id='word_1_197' title='bbox 184 1803 264 1840; x_wconf 89' lang='lat' dir='ltr'>quo</span> <span class='ocrx_word' id='word_1_198' title='bbox 293 1789 405 1840; x_wconf 86' lang='lat' dir='ltr'>quasi</span> <span class='ocrx_word' id='word_1_199' title='bbox 434 1802 493 1828; x_wconf 88' lang='lat' dir='ltr'>res</span> <span class='ocrx_word' id='word_1_200' title='bbox 523 1788 675 1839; x_wconf 87' lang='lat' dir='ltr'>possint</span> <span class='ocrx_word' id='word_1_201' title='bbox 704 1788 908 1827; x_wconf 89' lang='lat' dir='ltr'>discedere</span> <span class='ocrx_word' id='word_1_202' title='bbox 938 1787 1192 1837; x_wconf 85' lang='lat' dir='ltr'>dissoluique,</span> <span class='ocrx_word' id='word_1_203' title='bbox 1456 1795 1519 1836; x_wconf 80' lang='lat'>360</span> 
     </span>
     <span class='ocr_line' id='line_1_28' title="bbox 184 1855 1323 1903; baseline -0.002 -10"><span class='ocrx_word' id='word_1_204' title='bbox 184 1855 284 1893; x_wconf 88' lang='lat' dir='ltr'>sicut</span> <span class='ocrx_word' id='word_1_205' title='bbox 314 1867 555 1893; x_wconf 87' lang='lat' dir='ltr'>summarum</span> <span class='ocrx_word' id='word_1_206' title='bbox 586 1866 740 1892; x_wconf 89' lang='lat' dir='ltr'>summa</span> <span class='ocrx_word' id='word_1_207' title='bbox 770 1861 826 1892; x_wconf 86' lang='lat' dir='ltr'>est</span> <span class='ocrx_word' id='word_1_208' title='bbox 855 1860 1024 1900; x_wconf 82' lang='lat' dir='ltr'>aeterna,</span> <span class='ocrx_word' id='word_1_209' title='bbox 1056 1866 1187 1903; x_wconf 83' lang='lat' dir='ltr'>neque</span> <span class='ocrx_word' id='word_1_210' title='bbox 1218 1860 1323 1892; x_wconf 83' lang='lat' dir='ltr'>extra</span> 
     </span>
     <span class='ocr_line' id='line_1_29' title="bbox 184 1918 1410 1970; baseline -0.002 -11"><span class='ocrx_word' id='word_1_211' title='bbox 184 1921 251 1970; x_wconf 92' lang='lat' dir='ltr'>qui</span> <span class='ocrx_word' id='word_1_212' title='bbox 280 1921 390 1959; x_wconf 89' lang='lat' dir='ltr'>locus</span> <span class='ocrx_word' id='word_1_213' title='bbox 420 1927 477 1959; x_wconf 89' lang='lat' dir='ltr'>est</span> <span class='ocrx_word' id='word_1_214' title='bbox 507 1932 586 1969; x_wconf 87' lang='lat' dir='ltr'>quo</span> <span class='ocrx_word' id='word_1_215' title='bbox 616 1918 808 1957; x_wconf 87' lang='lat' dir='ltr'>dissiliant</span> <span class='ocrx_word' id='word_1_216' title='bbox 837 1931 967 1968; x_wconf 85' lang='lat' dir='ltr'>neque</span> <span class='ocrx_word' id='word_1_217' title='bbox 996 1932 1160 1969; x_wconf 88' lang='lat' dir='ltr'>corpora</span> <span class='ocrx_word' id='word_1_218' title='bbox 1190 1927 1279 1958; x_wconf 88' lang='lat' dir='ltr'>sunt</span> <span class='ocrx_word' id='word_1_219' title='bbox 1309 1932 1410 1969; x_wconf 85' lang='lat' dir='ltr'>quae</span> 
     </span>
     <span class='ocr_line' id='line_1_30' title="bbox 184 1983 1156 2035; baseline -0.002 -11"><span class='ocrx_word' id='word_1_220' title='bbox 184 1986 336 2035; x_wconf 89' lang='lat' dir='ltr'>possint</span> <span class='ocrx_word' id='word_1_221' title='bbox 365 1986 538 2024; x_wconf 88' lang='lat' dir='ltr'>incidere</span> <span class='ocrx_word' id='word_1_222' title='bbox 567 1992 606 2023; x_wconf 91' lang='lat' dir='ltr'>et</span> <span class='ocrx_word' id='word_1_223' title='bbox 634 1983 763 2023; x_wconf 89' lang='lat' dir='ltr'>valida</span> <span class='ocrx_word' id='word_1_224' title='bbox 791 1983 1004 2023; x_wconf 87' lang='lat' dir='ltr'>dissolvere</span> <span class='ocrx_word' id='word_1_225' title='bbox 1033 1985 1156 2034; x_wconf 82' lang='lat' dir='ltr'>plaga.</span> 
     </span>
     <span class='ocr_line' id='line_1_31' title="bbox 182 2049 1277 2100; baseline -0.004 -10"><span class='ocrx_word' id='word_1_226' title='bbox 182 2058 221 2090; x_wconf 91' lang='lat' dir='ltr'>at</span> <span class='ocrx_word' id='word_1_227' title='bbox 249 2063 393 2100; x_wconf 83' lang='lat' dir='ltr'>neque,</span> <span class='ocrx_word' id='word_1_228' title='bbox 423 2051 478 2088; x_wconf 90' lang='lat' dir='ltr'>uti</span> <span class='ocrx_word' id='word_1_229' title='bbox 507 2049 637 2097; x_wconf 88' lang='lat' dir='ltr'>docui,</span> <span class='ocrx_word' id='word_1_230' title='bbox 668 2050 796 2087; x_wconf 91' lang='lat' dir='ltr'>solido</span> <span class='ocrx_word' id='word_1_231' title='bbox 825 2061 916 2087; x_wconf 90' lang='lat' dir='ltr'>cum</span> <span class='ocrx_word' id='word_1_232' title='bbox 948 2061 1109 2099; x_wconf 85' lang='lat' dir='ltr'>corpore</span> <span class='ocrx_word' id='word_1_233' title='bbox 1138 2049 1277 2088; x_wconf 90' lang='lat' dir='ltr'>mundi</span> 
     </span>
     <span class='ocr_line' id='line_1_32' title="bbox 182 2113 1516 2165; baseline -0.002 -10"><span class='ocrx_word' id='word_1_234' title='bbox 182 2123 367 2163; x_wconf 84' lang='lat' dir='ltr'>naturast,</span> <span class='ocrx_word' id='word_1_235' title='bbox 400 2114 588 2165; x_wconf 90' lang='lat' dir='ltr'>quoniam</span> <span class='ocrx_word' id='word_1_236' title='bbox 617 2115 874 2153; x_wconf 77' lang='lat' dir='ltr'>admixtumst</span> <span class='ocrx_word' id='word_1_237' title='bbox 902 2114 942 2152; x_wconf 90' lang='lat' dir='ltr'>in</span> <span class='ocrx_word' id='word_1_238' title='bbox 972 2113 1088 2152; x_wconf 87' lang='lat' dir='ltr'>rebus</span> <span class='ocrx_word' id='word_1_239' title='bbox 1118 2116 1245 2162; x_wconf 87' lang='lat' dir='ltr'>inane,</span> <span class='ocrx_word' id='word_1_240' title='bbox 1453 2121 1516 2162; x_wconf 78' lang='lat'>365</span> 
     </span>
     <span class='ocr_line' id='line_1_33' title="bbox 182 2180 1432 2230; baseline -0.001 -10"><span class='ocrx_word' id='word_1_241' title='bbox 182 2195 257 2220; x_wconf 86' lang='lat' dir='ltr'>nec</span> <span class='ocrx_word' id='word_1_242' title='bbox 286 2189 418 2220; x_wconf 89' lang='lat' dir='ltr'>tamen</span> <span class='ocrx_word' id='word_1_243' title='bbox 448 2187 506 2219; x_wconf 90' lang='lat' dir='ltr'>est</span> <span class='ocrx_word' id='word_1_244' title='bbox 535 2187 577 2219; x_wconf 90' lang='lat' dir='ltr'>ut</span> <span class='ocrx_word' id='word_1_245' title='bbox 605 2180 732 2227; x_wconf 89' lang='lat' dir='ltr'>inane,</span> <span class='ocrx_word' id='word_1_246' title='bbox 764 2192 896 2229; x_wconf 81' lang='lat' dir='ltr'>neque</span> <span class='ocrx_word' id='word_1_247' title='bbox 924 2186 1056 2218; x_wconf 89' lang='lat' dir='ltr'>autem</span> <span class='ocrx_word' id='word_1_248' title='bbox 1087 2192 1250 2230; x_wconf 87' lang='lat' dir='ltr'>corpora</span> <span class='ocrx_word' id='word_1_249' title='bbox 1278 2180 1432 2227; x_wconf 86' lang='lat' dir='ltr'>desunt,</span> 
     </span>
     <span class='ocr_line' id='line_1_34' title="bbox 183 2244 1014 2295; baseline -0.002 -10"><span class='ocrx_word' id='word_1_250' title='bbox 183 2260 229 2285; x_wconf 88' lang='lat' dir='ltr'>ex</span> <span class='ocrx_word' id='word_1_251' title='bbox 258 2246 412 2284; x_wconf 87' lang='lat' dir='ltr'>infinito</span> <span class='ocrx_word' id='word_1_252' title='bbox 441 2257 543 2295; x_wconf 85' lang='lat' dir='ltr'>quae</span> <span class='ocrx_word' id='word_1_253' title='bbox 572 2244 723 2295; x_wconf 90' lang='lat' dir='ltr'>possint</span> <span class='ocrx_word' id='word_1_254' title='bbox 752 2246 851 2284; x_wconf 89' lang='lat' dir='ltr'>forte</span> <span class='ocrx_word' id='word_1_255' title='bbox 879 2252 1014 2284; x_wconf 89' lang='lat' dir='ltr'>coorta</span> 
     </span>
     <span class='ocr_line' id='line_1_35' title="bbox 182 2310 1262 2352; baseline -0.001 -2"><span class='ocrx_word' id='word_1_256' title='bbox 182 2324 362 2352; x_wconf 87' lang='lat' dir='ltr'>corruere</span> <span class='ocrx_word' id='word_1_257' title='bbox 390 2312 493 2350; x_wconf 87' lang='lat' dir='ltr'>hanc</span> <span class='ocrx_word' id='word_1_258' title='bbox 521 2323 649 2349; x_wconf 89' lang='lat' dir='ltr'>rerum</span> <span class='ocrx_word' id='word_1_259' title='bbox 679 2311 853 2349; x_wconf 88' lang='lat' dir='ltr'>violento</span> <span class='ocrx_word' id='word_1_260' title='bbox 882 2310 1038 2349; x_wconf 87' lang='lat' dir='ltr'>turbine</span> <span class='ocrx_word' id='word_1_261' title='bbox 1067 2323 1262 2349; x_wconf 89' lang='lat' dir='ltr'>summam</span> 
     </span>
     <span class='ocr_line' id='line_1_36' title="bbox 183 2375 1260 2426; baseline -0.002 -10"><span class='ocrx_word' id='word_1_262' title='bbox 183 2386 249 2416; x_wconf 86' lang='lat' dir='ltr'>aut</span> <span class='ocrx_word' id='word_1_263' title='bbox 277 2377 393 2416; x_wconf 89' lang='lat' dir='ltr'>aliam</span> <span class='ocrx_word' id='word_1_264' title='bbox 423 2376 601 2426; x_wconf 87' lang='lat' dir='ltr'>quamvis</span> <span class='ocrx_word' id='word_1_265' title='bbox 630 2375 784 2413; x_wconf 91' lang='lat' dir='ltr'>cladem</span> <span class='ocrx_word' id='word_1_266' title='bbox 814 2375 1025 2425; x_wconf 89' lang='lat' dir='ltr'>importare</span> <span class='ocrx_word' id='word_1_267' title='bbox 1054 2388 1122 2426; x_wconf 91' lang='lat' dir='ltr'>per</span> <span class='ocrx_word' id='word_1_268' title='bbox 1150 2376 1260 2424; x_wconf 91' lang='lat' dir='ltr'>ictus,</span> 
     </span>
     <span class='ocr_line' id='line_1_37' title="bbox 183 2440 1514 2506; baseline -0.002 -25"><span class='ocrx_word' id='word_1_269' title='bbox 183 2455 256 2482; x_wconf 88' lang='lat' dir='ltr'>nec</span> <span class='ocrx_word' id='word_1_270' title='bbox 286 2454 401 2492; x_wconf 89' lang='lat' dir='ltr'>porro</span> <span class='ocrx_word' id='word_1_271' title='bbox 430 2440 671 2506; x_wconf 49' lang='lat' dir='ltr'>natUQCi</span> <span class='ocrx_word' id='word_1_272' title='bbox 701 2441 951 2491; x_wconf 87' lang='lat' dir='ltr'>spatiumque</span> <span class='ocrx_word' id='word_1_273' title='bbox 981 2440 1163 2490; x_wconf 86' lang='lat' dir='ltr'>profundi</span> <span class='ocrx_word' id='word_1_274' title='bbox 1451 2455 1514 2490; x_wconf 86' lang='lat'>370</span> 
     </span>
    </p>
   </div>
   <div class='ocr_carea' id='block_1_5' title="bbox 798 2515 1554 2622">
    <p class='ocr_par' dir='ltr' id='par_1_17' title="bbox 798 2515 1554 2622">
     <span class='ocr_line' id='line_1_38' title="bbox 798 2515 1554 2622; baseline -0.007 -43"><span class='ocrx_word' id='word_1_275' title='bbox 798 2518 842 2555; x_wconf 81' lang='lat'>²5</span> <span class='ocrx_word' id='word_1_276' title='bbox 885 2528 1164 2622; x_wconf 36' lang='grc' dir='ltr'>ἄμμ-ἶνές</span> <span class='ocrx_word' id='word_1_277' title='bbox 1221 2515 1554 2608; x_wconf 44' lang='grc' dir='ltr'>μωρίην)</span> 
     </span>
    </p>
   </div>
  </div>
 </body>
</html>
