1827 2796
260 92 306 129 T.
331 89 576 128 LVCRETI
605 88 740 127 CARI
772 88 846 125 DE
878 86 1078 124 RERVM
1111 84 1342 123 NATVRA
1371 84 1407 120 V

262 203 299 235 et
329 202 462 234 tamen
492 194 575 244 ipsa
605 205 676 231 suo
707 192 737 230 si
768 192 888 242 fulget
917 192 1010 230 luna
1040 191 1176 237 nitore,

262 273 331 299 cur
360 266 530 310 nequeat
560 265 664 297 certa
694 257 833 296 mundi
862 257 1114 307 languescere
1143 262 1262 305 parte,

263 325 359 364 dum
389 324 475 362 loca
504 321 719 361 luminibus
748 319 913 372 propriis
942 319 1101 358 inimica
1130 331 1198 369 per
1227 317 1333 357 exit?
1534 328 1598 364 770

311 422 336 456 J
348 422 445 456 have
461 420 663 465 explained
679 419 739 454 tlte
759 422 983 453 movements
1000 417 1045 463 os
1061 417 1121 451 tlze
1137 416 1317 461 heavenly
1335 415 1464 457 bodies,
1483 414 1563 447 and
1578 414 1601 446 l

265 469 350 503 will
365 479 451 502 now
467 467 625 502 describe
640 467 702 502 the
725 467 888 501 crealion
913 465 958 511 of
973 465 1033 500 the
1058 464 1183 499 world
1204 464 1282 498 and
1300 464 1349 496 ils
1361 462 1540 507 products
1557 461 1597 494 in

265 516 326 551 the
342 516 492 550 earliest
507 519 639 560 stages.

321 597 442 646 Quod
472 602 659 645 superest,
691 594 879 644 quoniam
909 591 1040 642 magni
1070 604 1138 642 per
1168 591 1320 630 caerula
1350 588 1488 628 mundi
1535 602 1595 635 77²

266 675 344 713 qua
374 660 455 700 fieri
484 659 674 710 quicquid
703 666 835 710 posset
865 657 1014 697 ratione
1044 657 1195 704 resolvi,

267 725 359 765 solis
389 724 444 764 uti
474 724 599 763 varios
629 736 764 762 cursus
794 725 989 772 lunaeque
1019 728 1170 761 meatus

266 802 430 830 noscere
459 801 664 840 possemus
694 799 795 837 quae
825 788 880 825 vis
908 793 946 825 et
975 799 1092 824 causa
1121 785 1250 832 cieret,
1536 796 1597 832 775

266 869 395 907 quove
426 855 547 894 modo
576 851 773 904 (possent)
800 853 943 890 offecto
973 850 1121 889 lumine
1151 849 1260 888 obire

268 928 306 960 et
335 934 465 971 neque
494 917 692 970 opinantis
722 917 893 956 tenebris
924 916 1123 955 obducere
1152 922 1283 962 terras,

269 999 359 1025 cum
390 984 501 1036 quasi
531 983 715 1023 conivent
745 989 783 1021 et
812 988 947 1032 aperto
977 981 1125 1019 lumine
1154 993 1305 1018 rursum

269 1050 403 1090 omnia
432 1048 641 1089 convisunt
670 1049 773 1086 clara
801 1048 888 1085 loca
917 1045 1087 1085 candida
1116 1046 1213 1092 luce,

270 1129 376 1155 nunc
405 1116 525 1155 redeo
554 1115 604 1153 ad
635 1112 773 1152 mundi
803 1111 1017 1151 novitatem
1048 1118 1085 1149 et
1115 1111 1248 1148 mollia
1278 1118 1401 1148 terrae
1539 1115 1602 1157 780

270 1195 371 1230 arva,
402 1193 507 1219 novo
537 1180 617 1218 fetu
647 1178 744 1228 quid
774 1177 942 1228 primum
973 1175 1013 1214 in
1043 1175 1201 1214 luminis
1230 1187 1316 1213 oras

270 1247 406 1286 tollere
436 1253 472 1284 et
503 1244 659 1284 incertis
689 1242 830 1282 crerint
860 1242 1106 1281 committere
1135 1240 1270 1279 ventis,

917 2471 1022 2509 4ο·
