1827 2796
267 150 312 186 T.
349 147 595 186 LVCRETI
629 146 762 183 CARI

317 252 367 286 So
383 255 441 286 too
466 253 585 284 waler
606 250 773 293 appears,
793 247 1012 291 disappears
1033 246 1111 280 into
1132 244 1192 279 the
1210 254 1284 288 sea,
1310 243 1389 278 and
1403 245 1599 288 reappears

258 300 366 345 from
393 298 521 332 wells:
556 296 661 330 much
688 295 766 328 also
792 297 1009 338 evaporates
1033 304 1078 327 ον
1099 291 1232 326 drains
1256 292 1336 325 into
1357 291 1417 324 tlte
1435 289 1599 336 ground,

269 346 334 381 but
350 345 410 379 tlte
427 356 508 379 sum
527 343 625 377 total
640 342 805 377 remaz‘ns
821 344 1001 376 constant.

324 420 445 470 Quod
475 426 662 470 superest,
694 431 832 456 umore
862 430 965 456 novo
995 429 1101 455 mare
1130 414 1293 454 flumina
1321 413 1438 453 fontis

267 498 422 537 semper
450 485 653 524 abundare
682 490 720 522 et
749 482 883 522 latices
914 494 1073 521 manare
1101 481 1283 531 perennis

267 552 322 591 nil
351 564 451 602 opus
480 558 538 590 est
566 549 718 589 verbis:
758 561 922 599 magnus
952 548 1140 587 decursus
1169 558 1358 596 aquarum

268 616 445 667 undique
474 616 656 655 declarat.
717 615 786 653 sed
816 614 986 664 primum
1016 611 1206 663 quicquid
1234 610 1350 661 aquai

267 682 415 722 tollitur
443 683 481 719 in
512 692 745 730 summaque
775 679 817 717 fit
847 686 888 717 ut
918 679 971 717 nil
1001 690 1114 716 umor
1142 676 1329 723 abundet,
1538 680 1599 722 265

267 744 407 796 partim
437 744 546 794 quod
573 742 692 781 validi
721 748 917 780 verrentes
947 753 1118 790 aequora
1147 739 1252 778 venti

269 810 495 849 diminuunt
526 807 722 857 radiisque
752 813 929 845 retexens
959 805 1154 845 aetherius
1183 805 1252 850 sol,

269 875 410 925 partim
441 873 549 923 quod
579 872 712 910 subter
742 883 809 921 per
839 878 957 909 terras
987 869 1133 909 diditur
1162 869 1302 907 omnis,

268 940 487 990 percolatur
516 938 622 976 enim
652 938 754 975 virus
784 942 966 986 retroque
995 942 1170 974 remanat

270 1003 449 1043 materies
479 1002 625 1042 umoris
655 1009 693 1040 et
721 1003 772 1040 ad
802 1008 919 1051 caput
949 999 1133 1039 amnibus
1161 999 1291 1037 omnis
1541 1009 1605 1045 ²70

269 1070 465 1115 convenit,
497 1068 590 1107 inde
620 1080 736 1118 super
766 1074 884 1105 terras
914 1065 997 1104 fluit
1026 1065 1182 1115 agmine
1211 1063 1317 1102 dulci

271 1148 349 1186 qua
377 1133 439 1173 via
468 1140 575 1173 secta
604 1133 726 1172 semel
756 1131 908 1182 liquido
937 1131 1040 1181 pede
1069 1128 1207 1169 detulit
1237 1128 1373 1168 undas.

319 1247 354 1282 A
360 1248 415 1282 nd
429 1246 488 1282 tlte
504 1257 605 1281 same
622 1247 655 1280 is
675 1250 760 1280 true
771 1245 814 1291 (gf
827 1245 891 1279 air
906 1243 1027 1278 wlziclc
1043 1244 1075 1277 is
1088 1242 1231 1287 always
1242 1242 1439 1287 changz‘ng.
1487 1240 1608 1275 Films

272 1298 409 1330 stream
436 1294 607 1339 offsrom
632 1293 761 1337 things
786 1292 866 1326 and
880 1294 974 1336 pass
999 1291 1078 1325 into
1104 1292 1191 1331 aim·
1220 1290 1343 1323 unless
1360 1289 1420 1322 tlte
1436 1288 1500 1322 (τίν
1507 1298 1609 1333 gave

273 1342 360 1376 back
369 1342 456 1388 just
473 1353 514 1375 as
533 1339 640 1374 muslt
660 1352 703 1373 as
719 1341 751 1373 7⁴2⁴
769 1340 936 1382 receives,
956 1337 1180 1383 evmyllziwg
1197 1336 1326 1371 would
1339 1336 1434 1370 have
1454 1334 1608 1380 already

272 1390 408 1424 become
425 1390 496 1423 air.

326 1460 431 1497 Aera
460 1469 565 1495 nunc
595 1455 710 1506 igitur
739 1454 870 1495 dicam
900 1455 967 1505 qui
997 1466 1159 1504 corpore
1189 1460 1272 1492 toto

273 1521 611 1562 innumerabiliter
640 1520 767 1571 privas
798 1527 970 1559 mutatur
998 1519 1039 1558 in
1068 1520 1193 1558 horas.

274 1601 429 1638 semper
459 1588 575 1634 enim,
608 1587 893 1636 quodcumque
922 1584 1007 1623 fluit
1036 1585 1087 1623 de
1117 1585 1245 1632 rebus,
1276 1583 1317 1622 id
1346 1595 1465 1622 omne
1548 1594 1607 1632 ²75

274 1655 372 1693 aeris
403 1653 442 1691 in
472 1665 658 1703 magnum
689 1652 808 1689 fertur
838 1663 971 1698 mare3
1009 1650 1076 1700 qui
1106 1649 1179 1688 nisi
1209 1656 1344 1687 contra

276 1732 440 1769 corpora
469 1717 656 1756 retribuat
686 1716 802 1756 rebus
832 1722 1058 1766 recreetque
1088 1714 1254 1761 fluentis,

275 1785 409 1824 onmia
439 1784 515 1821 iam
546 1783 716 1821 resoluta
744 1783 871 1820 forent
901 1788 938 1819 et
968 1780 1007 1818 in
1036 1793 1125 1819 aera
1154 1793 1274 1819 versa.

277 1851 383 1888 haud
415 1848 529 1899 igitur
558 1854 684 1886 cessat
713 1846 818 1897 gigni
849 1847 899 1885 de
928 1846 1044 1884 rebus
1075 1853 1112 1884 et
1142 1845 1181 1883 in
1211 1858 1270 1883 res

277 1914 461 1962 recidere,
493 1912 650 1952 assidue
680 1913 867 1962 quoniam
898 1912 1018 1950 fluere
1047 1910 1181 1950 omnia
1209 1916 1375 1949 constat.
1550 1917 1612 1947 280

326 2006 423 2041 And
436 2005 495 2040 the
513 2015 613 2039 same
639 2007 671 2039 is
695 2003 754 2039 the
774 2015 854 2038 case
875 2002 967 2037 wz'tlz
982 2004 1069 2048 fire.
1125 2003 1159 2037 T
1155 2002 1199 2037 lle
1220 2014 1292 2037 sun
1316 2003 1424 2037 sends
1441 2006 1507 2037 ont
1530 2013 1612 2036 new

278 2054 378 2100 light
390 2052 622 2097 continnally
633 2055 669 2086 to
686 2051 828 2096 replace
846 2051 951 2085 what
966 2052 999 2085 is
1016 2051 1089 2085 lost
1098 2061 1142 2084 or
1153 2049 1328 2084 absorbed
1337 2049 1380 2095 by
1390 2049 1451 2084 the
1462 2048 1612 2084 clouds:

273 2103 359 2147 just
376 2112 418 2134 as
435 2111 519 2134 new
539 2100 661 2144 lamps
683 2103 784 2132 must
808 2099 951 2143 replace
974 2097 1037 2132 old
1056 2108 1140 2132 ones
1161 2108 1207 2131 072
1232 2096 1339 2131 earllz
1364 2100 1400 2130 lo
1425 2097 1612 2131 maintain

280 2161 302 2182 a
320 2150 490 2229 [Zrzsttant
505 2147 641 2192 supply
664 2146 708 2191 os
725 2146 834 2191 lzght.
884 2145 980 2180 And
999 2143 1058 2179 the
1080 2155 1180 2179 same
1203 2146 1236 2179 is
1260 2148 1344 2179 true
1366 2144 1412 2190 (γ’
1427 2142 1487 2179 the
1506 2154 1612 2178 moon

282 2207 331 2230 an
375 2206 393 2229 s
412 2205 486 2230 ars.

337 2266 483 2314 Largus
514 2263 607 2303 item
637 2261 775 2313 liquidi
804 2263 891 2300 fons
921 2262 1090 2309 luminis,
1121 2260 1316 2301 aetherius
1345 2261 1413 2308 sol,

283 2330 411 2380 irrigat
440 2328 596 2368 assidue
627 2329 779 2367 caelum
809 2328 980 2367 candore
1010 2327 1155 2366 recenti

284 2394 588 2446 suppeditatque
619 2406 722 2432 novo
751 2392 959 2432 confestim
989 2393 1138 2431 lumine
1167 2392 1310 2430 lumen.

286 2471 375 2496 nam
408 2456 575 2507 primum
607 2455 795 2506 quicquid
826 2455 983 2505 fulgoris
1012 2453 1172 2504 disperit
1202 2455 1248 2500 ei,

931 2539 976 2562 22
