1827 2796
848 122 921 159 DE
956 121 1157 159 RERVM
1190 121 1423 158 NATVRA
1454 121 1488 155 Y

203 247 262 281 As
270 249 384 291 parts
400 247 444 293 os
461 247 521 281 the
544 247 667 281 world
682 246 813 290 (earth,
832 248 905 290 air,
913 248 1001 292 stre,
1022 250 1154 290 water)
1173 257 1237 280 are
1261 245 1411 288 mortal,
1429 245 1488 279 llle

157 293 275 328 whole
307 294 433 329 world
454 298 556 328 must
583 294 622 328 be
651 294 796 330 mortal.
853 294 950 328 Tlcat
979 294 1099 329 wlciclz
1130 293 1198 328 has
1231 305 1253 326 a
1284 293 1492 339 beginning·

145 344 259 433 ἕρκεϊ
274 340 370 375 lzave
386 353 436 375 an
453 342 533 376 end.
590 341 624 375 T
619 341 663 375 lae
680 341 806 376 wm‘ld
817 342 850 375 is
867 342 1022 376 doomed
1038 346 1074 375 lo
1091 342 1318 376 deslruction
1335 344 1377 375 at
1394 351 1491 374 some

175 392 286 422 utare
303 389 401 422 time.

213 472 411 524 Principio
440 474 628 524 quoniam
657 473 771 513 terrai
800 485 941 523 corpus
971 480 1009 511 et
1039 485 1154 511 umor
1430 489 1490 520 235

156 551 419 590 aurarumque
446 540 551 578 leves
581 538 735 578 animae
764 538 961 588 calidique
991 551 1167 588 vapores,

158 617 179 643 e
209 603 352 654 quibus
382 605 479 642 haec
508 616 637 643 rerum
666 603 879 642 consistere
910 616 1064 642 summa
1093 602 1261 649 videtur,

158 670 292 707 omnia
321 668 454 707 nativo
483 681 528 706 ac
558 668 711 706 mortali
741 681 904 718 corpore
934 676 1134 715 constant,

158 734 278 773 debet
307 734 449 773 eodem
479 735 608 773 omnis
639 734 778 773 mundi
807 741 947 773 natura
980 734 1118 785 putari.

158 800 305 850 quippe
333 798 480 839 etenim
510 811 678 849 quorum
707 799 826 850 partis
857 807 895 839 et
924 800 1101 839 membra
1131 800 1314 838 videmus
1429 815 1493 847 240

158 877 321 915 corpore
351 864 484 903 nativo
512 877 558 903 ac
588 865 818 904 mortalibus
849 878 934 904 esse
964 867 1107 915 figuris,

159 932 256 969 haec
285 931 425 969 eadem
456 931 577 969 ferme
608 931 785 969 mortalia
815 930 1011 970 cernimus
1042 943 1127 970 esse

159 1003 197 1034 et
227 995 358 1034 nativa
387 996 512 1033 simul.
573 1004 810 1046 quapropter
840 997 1009 1034 maxima
1041 996 1177 1034 mundi

159 1074 250 1099 cum
280 1060 435 1099 videam
466 1061 643 1099 membra
671 1074 717 1099 ac
747 1061 864 1111 partis
894 1069 1130 1111 consumpta
1160 1062 1316 1111 regigni,

160 1127 257 1165 scire
287 1126 377 1164 licet
405 1127 502 1165 caeli
533 1139 692 1176 quoque
723 1126 815 1165 item
847 1134 1050 1176 terraeque
1079 1126 1199 1165 fuisse
1432 1142 1492 1173 245

160 1191 388 1243 principiale
415 1190 577 1242 aliquod
606 1199 762 1242 tempus
792 1192 1027 1242 clademque
1058 1194 1238 1231 futuram.

214 1308 247 1342 T
243 1306 288 1341 lte
311 1306 418 1341 earth
444 1307 524 1341 and
543 1306 604 1341 tlte
628 1307 800 1342 elements
829 1319 894 1342 are
924 1307 1065 1342 morial
1074 1320 1086 1342 .·
1121 1309 1152 1342 is
1175 1309 1208 1342 is
1233 1307 1428 1352 destroyed
1452 1306 1494 1351 by
1523 1331 1540 1348 0

160 1354 270 1389 wind
294 1354 374 1388 and
399 1354 442 1398 by
454 1353 591 1399 floods,
618 1354 684 1388 but
710 1356 742 1389 it
765 1356 799 1389 is
823 1356 862 1389 in
888 1359 980 1389 turn
1009 1354 1264 1400 replem‘slzed:
1296 1354 1403 1389 earllz
1433 1354 1494 1387 the

160 1402 305 1436 mother
319 1401 365 1446 os
373 1401 430 1435 all
445 1400 573 1447 things
590 1402 623 1436 is
640 1401 700 1436 the
717 1402 813 1436 lomb
830 1402 874 1448 of
886 1402 943 1436 all
959 1401 1096 1447 lln'ngs,
1115 1403 1194 1436 and
1208 1403 1324 1447 again
1342 1403 1382 1436 z'n
1400 1405 1492 1435 turn

160 1449 378 1494 reproduces
396 1447 453 1482 all
467 1447 604 1493 things.

215 1530 320 1569 Illud
351 1530 389 1566 in
420 1528 479 1567 his
508 1529 624 1568 rebus
654 1543 702 1568 ne
732 1529 964 1580 corripuisse
993 1529 1108 1568 rearis

162 1608 225 1635 me
255 1594 360 1642 mihi,
393 1595 501 1645 quod
531 1602 670 1633 terram
700 1603 820 1645 atque
850 1596 979 1646 ignem
1011 1595 1188 1634 mortalia
1219 1596 1370 1646 sumpsi

161 1673 246 1701 esse
276 1673 405 1710 neque
434 1673 612 1699 umorem
643 1660 820 1699 dubitavi
849 1674 1041 1711 aurasque
1071 1662 1196 1711 perire

160 1733 280 1777 atque
300 1726 439 1764 eadem
459 1725 564 1776 gigni
585 1739 797 1776 rursusque
816 1739 1024 1777 augescere
1048 1726 1138 1774 dixi,
1434 1742 1498 1774 250

162 1792 354 1842 principio
384 1804 471 1841 pars
501 1793 613 1830 terrai
642 1793 843 1840 nonnulla,
875 1799 1033 1842 perusta

163 1854 310 1893 solibus
338 1855 520 1902 assiduis,
549 1856 671 1893 multa
700 1856 854 1905 pulsata
882 1855 1030 1905 pedum
1060 1856 1108 1901 vi,

162 1920 330 1971 pulveris
360 1920 513 1958 exhalat
544 1920 730 1958 nebulam
761 1919 957 1970 nubisque
988 1919 1154 1958 volantis

163 1998 260 2036 quas
290 1985 407 2023 validi
437 1992 520 2024 toto
550 1986 781 2036 dispergunt
810 1998 898 2024 aere
928 1986 1044 2024 venti.

163 2065 251 2102 pars
280 2052 397 2090 etiam
426 2052 628 2101 glebarum
659 2053 710 2091 ad
739 2052 927 2091 diluviem
957 2060 1160 2090 revocatur
1436 2067 1496 2098 255

164 2116 355 2155 imbribus
385 2123 422 2154 et
451 2117 553 2166 ripas
583 2117 760 2156 radentia
790 2116 952 2154 flumina
982 2117 1137 2155 rodunt.

164 2189 363 2233 praeterea
391 2194 461 2230 pro
485 2189 594 2231 parte
623 2195 704 2227 sua,
734 2182 1017 2231 quodcumque
1045 2182 1124 2220 alid
1154 2189 1280 2231 auget,

164 2248 363 2294 redditur3
403 2254 440 2285 et
470 2247 658 2296 quoniam
687 2245 811 2284 dubio
840 2247 975 2296 procul
1005 2258 1090 2284 esse
1119 2246 1273 2284 videtur

164 2314 416 2362 omniparens
445 2312 584 2350 eadem
614 2324 740 2349 rerum
771 2323 985 2350 commune
1014 2312 1249 2361 sepulcrum,

165 2390 256 2427 ergo
285 2386 383 2415 terra
412 2376 482 2415 tibi
512 2376 655 2415 libatur
684 2384 721 2415 et
749 2384 863 2415 aucta
893 2377 1083 2415 recrescit.
1434 2382 1497 2414 260

811 2518 853 2542 21
