1827 2796
921 129 996 167 DE
1027 129 1229 166 RERVM
1262 130 1494 166 NATVRA
1523 130 1559 164 V

230 233 283 279 (3)
293 234 461 279 perhaps
477 234 517 280 is
530 247 552 268 a
570 245 653 268 new
678 244 749 268 sun
772 235 806 268 is
831 234 920 268 born
944 234 1058 278 daily,
1088 233 1149 268 the
1151 234 1248 278 fires
1269 232 1464 278 collectz'ng
1475 244 1560 267 now

227 281 385 326 quz'ckly‚
399 292 484 316 now
493 281 636 325 slowly,
650 285 692 316 at
699 282 873 326 dzffi’rent
883 292 1030 316 seasons
1040 281 1146 326 afflet
1154 280 1214 316 the
1224 280 1350 326 length
1363 281 1407 326 of
1408 280 1468 315 the
1478 281 1562 324 day.

285 362 471 401 Crescere
500 361 674 412 itemque
703 361 787 401 dies
817 361 907 400 licet
937 368 975 400 et
1004 361 1204 401 tabescere
1234 369 1380 408 noctes,
1495 366 1561 400 680

228 434 267 466 et
295 426 420 465 minui
449 427 567 474 luces,
599 440 690 465 cum
720 434 877 465 sumant
905 427 1090 477 augmina
1119 433 1268 473 noctes,

229 499 295 531 aut
325 491 417 542 quia
446 493 504 530 sol
533 491 639 530 idem
670 491 743 530 sub
773 499 891 530 terras
921 498 1040 541 atque
1070 503 1237 541 superne

229 557 442 607 imparibus
472 570 630 596 currens
659 557 898 595 anfractibus
927 555 1094 595 aetheris
1124 569 1211 594 oras

229 621 344 672 partit
374 630 411 660 et
441 622 480 659 in
510 623 627 671 partis
658 635 737 660 non
767 634 912 671 aequas
942 621 1082 660 dividit
1111 621 1259 667 orbem,

230 694 268 725 et
298 687 406 737 quod
435 687 486 724 ab
516 688 699 725 alterutra
727 686 891 725 detraxit
922 693 1040 736 parte,
1074 686 1229 737 reponit
1496 693 1558 735 685

228 752 312 790 eius
342 751 381 789 in
410 752 573 790 adversa
602 759 712 790 tanto
742 753 828 801 plus
859 758 967 801 parte
996 752 1150 797 relatus,

229 817 358 856 donec
387 817 438 855 ad
467 817 507 855 id
538 817 692 866 signum
723 817 818 854 caeli
849 815 1036 867 pervenit,
1069 815 1136 854 ubi
1165 817 1256 854 anni

229 883 357 921 nodus
387 889 598 920 nocturnas
627 889 817 931 exaequat
847 881 1000 920 lucibus
1030 881 1198 920 umbras.

229 960 321 985 nam
351 947 484 986 medio
514 960 628 985 cursu
657 947 770 985 flatus
800 946 995 997 aquilonis
1025 954 1062 984 et
1091 946 1210 984 austri

229 1012 390 1052 distinet
419 1019 588 1062 aequato
617 1013 770 1051 caelum
800 1010 1025 1051 discrimine
1056 1018 1178 1049 metas
1497 1018 1563 1060 690

229 1085 388 1128 propter
417 1076 587 1128 signiferi
616 1077 831 1128 posituram
861 1077 980 1115 totius
1011 1075 1128 1122 orbis,

229 1155 361 1181 annua
391 1143 448 1181 sol
479 1144 519 1181 in
548 1155 628 1194 quo
657 1141 859 1181 concludit
890 1150 1068 1191 tempora
1097 1153 1269 1191 serpens,

230 1207 393 1258 obliquo
424 1215 541 1246 terras
572 1215 609 1247 et
639 1209 790 1246 caelum
821 1206 970 1245 lumine
1000 1208 1177 1252 lustrans,

230 1280 271 1311 ut
293 1274 391 1312 ratio
412 1273 582 1312 declarat
603 1286 738 1312 eorum
761 1272 827 1323 qui
850 1273 937 1311 loca
958 1271 1055 1310 caeli

230 1339 364 1377 omnia
393 1339 591 1390 dispositis
622 1338 740 1389 signis
771 1345 908 1377 ornata
936 1345 1132 1377 notarunt.
1498 1342 1561 1384 695

229 1411 295 1442 aut
326 1405 417 1454 quia
447 1404 609 1442 crassior
638 1411 695 1443 est
725 1404 838 1442 certis
868 1403 907 1441 in
938 1403 1112 1453 partibus
1141 1415 1217 1449 aer,

230 1468 303 1508 sub
333 1468 442 1507 terris
472 1469 562 1508 ideo
592 1469 803 1507 tremulum
833 1468 944 1506 iubar
974 1467 1138 1506 haesitat
1169 1466 1267 1516 ignis

230 1547 304 1573 nec
332 1542 535 1584 penetrare
565 1542 693 1584 potest
724 1533 836 1572 facile
866 1541 984 1583 atque
1014 1545 1210 1582 emergere
1241 1533 1290 1570 ad
1321 1538 1438 1570 ortus.

230 1606 435 1649 propterea
464 1607 600 1638 noctes
630 1599 796 1638 hiberno
827 1607 1003 1648 tempore
1033 1599 1173 1647 longae

230 1674 396 1713 cessant,
428 1665 523 1704 dum
553 1664 684 1704 veniat
714 1652 906 1703 radiatum
938 1665 1089 1714 insigne
1118 1662 1208 1701 diei.
1503 1677 1565 1710 700

229 1738 296 1769 aut
325 1730 454 1777 etiam,
486 1731 578 1780 quia
608 1731 662 1769 sic
691 1729 849 1768 alternis
879 1728 1053 1780 partibus
1083 1728 1175 1766 anni

230 1795 377 1835 tardius
408 1803 446 1834 et
475 1795 588 1834 citius
618 1802 858 1834 consuerunt
888 1795 1086 1833 confluere
1116 1795 1224 1843 ignes

230 1861 297 1912 qui
326 1860 474 1899 faciunt
504 1862 627 1900 solem
657 1868 762 1900 certa
791 1861 998 1910 desurgere
1028 1867 1147 1910 parte,

230 1933 435 1977 propterea
464 1927 506 1965 fit
535 1927 590 1964 uti
621 1926 826 1965 videantur
855 1925 985 1964 dicere
1014 1937 1147 1964 verum

281 2075 332 2119 (1)
366 2074 440 2108 The
464 2085 571 2108 moon
597 2085 682 2119 may
707 2074 853 2108 borrow
877 2072 945 2107 her
967 2071 1065 2117 light
1078 2073 1188 2118 from
1214 2071 1273 2106 tlte
1295 2083 1378 2112 sun,
1404 2073 1564 2107 increas-

232 2124 302 2168 ing
324 2123 356 2156 z’t
385 2133 426 2155 as
452 2121 514 2155 she
543 2122 682 2155 recedes
698 2121 807 2165 from
833 2120 924 2163 him,
951 2120 1061 2164 being
1081 2124 1122 2153 at
1145 2119 1205 2153 tlte
1218 2119 1307 2163 full
1329 2120 1435 2153 when
1461 2120 1566 2165 rzjghl

233 2170 394 2215 opposite
409 2168 469 2202 the
485 2179 557 2202 sun
575 2168 655 2202 and
666 2166 922 2212 dz‘mz'nz'shz'ng
941 2177 983 2201 as
1008 2166 1070 2200 she
1095 2165 1321 2210 approaches
1345 2167 1469 2211 again,
1489 2168 1570 2201 and

233 2217 342 2262 being
361 2216 463 2260 quite
487 2215 583 2250 dark
607 2215 714 2249 when
740 2215 800 2249 the
824 2213 930 2248 earth
956 2215 989 2248 is
1012 2213 1167 2247 between
1193 2212 1260 2247 lter
1284 2213 1363 2247 and
1384 2214 1444 2247 the
1467 2225 1566 2255 sun,-

235 2263 285 2307 (2)
304 2262 364 2298 the
381 2273 488 2297 moon
511 2274 597 2307 may
612 2261 717 2296 shine
740 2262 832 2296 with
858 2261 926 2295 her
946 2271 1030 2295 own
1051 2260 1150 2305 lzght
1171 2260 1251 2294 and
1265 2260 1303 2293 be
1319 2260 1510 2295 darkened
1523 2261 1566 2306 by

234 2321 283 2345 an
302 2310 476 2344 invisible
496 2309 657 2344 satellite
669 2310 824 2354 getting
843 2309 882 2342 z‘n
908 2308 1064 2342 between
1091 2307 1158 2341 her
1180 2307 1260 2341 and
1282 2307 1341 2341 the
1363 2308 1468 2342 earth
1490 2309 1569 2342 and

227 2357 415 2402 partz'ally
436 2368 481 2390 or
501 2356 633 2400 totally
659 2356 907 2400 intercepting
926 2355 986 2389 the
1011 2354 1133 2399 [ξς-[ιη’
1169 2353 1218 2398 (3)
1238 2354 1416 2399 perhaps,
1439 2367 1481 2389 as
1507 2355 1566 2390 the

237 2404 470 2439 chaldaeam
486 2415 564 2449 say,
582 2403 644 2438 she
666 2405 699 2437 is
721 2415 743 2437 a
760 2403 889 2448 sphere
906 2403 951 2447 os
967 2400 1087 2436 which
1105 2402 1190 2446 only
1208 2412 1274 2435 one
1291 2401 1383 2448 half
1391 2403 1423 2436 is
1441 2402 1567 2447 brzght

234 2453 314 2486 and
335 2451 378 2496 oy
395 2451 462 2485 her
483 2451 691 2486 revolution
719 2451 781 2484 slze
805 2450 927 2483 shows
942 2449 1116 2492 dzfferent
1133 2448 1294 2493 phases;
1329 2448 1380 2492 (4)
1400 2449 1565 2494 perhaps

873 2525 918 2561 37
