1827 2796
344 112 389 147 T.
424 111 667 150 LVCRETI
699 113 832 150 CAR]

344 227 524 265 quaeque
553 215 629 265 geri
662 215 822 265 possint,
856 217 1081 265 praesertim
1113 217 1227 255 rebus
1259 218 1297 254 in
1329 217 1401 255 illis

344 293 445 330 quae
474 293 611 330 supera
641 287 758 331 caput
788 281 968 320 aetheriis
998 288 1209 320 cernuntur
1239 282 1278 320 in
1309 284 1398 322 oris.
1630 293 1670 333 85

345 358 473 384 rursus
503 345 541 383 in
571 345 751 396 antiquas
782 347 999 385 referuntur
1028 346 1234 396 religiones

343 417 381 450 et
409 410 594 450 dominos
622 412 721 450 acris
749 411 987 460 adsciscunt,
1018 411 1153 451 omnia
1182 424 1298 461 posse

343 489 451 531 quos*
472 475 602 516 miseri
631 476 807 523 credunt,
840 476 961 527 ignari
992 476 1088 528 quid
1118 483 1237 528 queat
1266 489 1361 524 esse,

342 541 440 591 quid
469 548 649 592 nequeat,
682 542 790 580 finita
819 549 992 592 potestas
1022 542 1196 592 denique
1224 542 1367 592 cuique

343 618 515 656 quanam
545 605 593 644 sit
622 606 772 645 ratione
800 614 920 657 atque
949 608 1026 646 alte
1055 607 1244 646 terminus
1274 607 1451 646 haerens.
1629 625 1673 658 90

390 695 508 737 Fz'rsl‚
527 705 569 727 as
585 694 646 728 the
663 693 788 728 world
802 694 870 727 llas
886 693 966 728 had
985 707 1007 727 a
1029 694 1238 739 beginning
1256 693 1296 733 (ε’.
1310 704 1337 727 e.
1360 696 1412 729 z'ts
1427 694 1615 739 creation),
1642 697 1675 730 it

344 745 444 774 must
455 741 635 785 therefore
653 741 691 775 be
708 741 848 775 marsal
863 741 943 775 and
960 753 999 775 so
1020 741 1105 775 will
1124 752 1220 775 some
1242 742 1314 786 day
1337 753 1434 776 come
1458 746 1495 776 to
1518 754 1567 777 an
1590 744 1672 777 end.

342 787 608 869 Earss‘qufkes
627 798 678 833 go
705 792 740 822 lo
759 790 879 832 prove
903 789 944 822 z't.
995 788 1091 833 May
1116 788 1176 822 llze
1204 788 1279 823 end
1303 789 1390 834 only
1419 793 1484 824 not
1507 800 1603 824 come
1632 791 1672 824 in

343 846 415 869 our
455 846 517 879 ay.

398 898 520 946 Quod
550 905 736 948 superest,
768 911 818 937 ne
848 906 886 937 te
915 898 955 936 in
985 897 1186 948 promissis
1216 900 1326 949 plura
1355 911 1563 947 moremur,

343 962 534 1013 principio
564 963 685 1002 maria
712 976 758 1002 ac
788 971 906 1002 terras
935 964 1170 1014 caelumque
1199 971 1334 1012 tuere;

343 1042 509 1079 quorum
540 1036 718 1067 naturam
749 1028 954 1078 triplicem,
986 1029 1057 1067 tria
1087 1041 1261 1079 corpora,
1297 1030 1473 1077 Memmi,

343 1095 409 1132 tris
440 1093 590 1144 species
620 1102 699 1132 tam
730 1093 941 1139 dissimilis,
974 1092 1045 1131 tria
1077 1094 1166 1132 talia
1197 1101 1312 1141 texta,

343 1173 421 1198 una
450 1158 533 1198 dies
563 1158 673 1198 dabit
706 1158 835 1206 exitio,
868 1159 1092 1209 multosque
1122 1172 1189 1209 per
1218 1172 1343 1198 annos
1629 1177 1671 1209 95

343 1232 558 1265 sustentata
587 1231 671 1263 ruet
701 1225 825 1262 moles
855 1230 893 1262 et
924 1224 1105 1262 machina
1136 1224 1284 1263 mundi.

342 1303 415 1328 nec
445 1303 509 1328 me
537 1289 657 1328 animi
687 1288 783 1328 fallit
813 1302 931 1339 quam
962 1302 1021 1327 res
1052 1302 1154 1328 nova
1183 1289 1358 1340 miraque
1389 1290 1509 1329 menti

341 1355 496 1394 accidat
525 1354 686 1394 exitium
716 1353 813 1394 caeli
844 1361 1046 1404 terraeque
1077 1355 1261 1402 futurum,

342 1429 379 1459 et
409 1433 529 1471 quam
559 1417 717 1458 difficile
746 1419 787 1458 id
816 1418 913 1457 mihi
943 1420 992 1457 sit
1022 1418 1249 1469 pervincere
1277 1419 1418 1466 dictis;

342 1493 385 1524 ut
414 1486 457 1523 fit
488 1484 553 1523 ubi
583 1483 779 1523 insolitam
810 1497 891 1522 rem
922 1490 1106 1534 apportes
1135 1483 1294 1523 auribus
1324 1491 1415 1523 ante
1611 1501 1673 1524 100

342 1563 416 1589 nec
444 1557 576 1589 tamen
606 1551 708 1588 hanc
738 1548 864 1600 possis
895 1550 1099 1588 oculorum
1130 1550 1299 1589 subdere
1327 1549 1412 1588 visu

342 1628 416 1654 nec
445 1615 570 1654 iacere
600 1613 696 1653 indu
728 1627 878 1660 manus,
910 1613 972 1653 via
1001 1627 1079 1664 qua
1109 1614 1259 1653 munita
1289 1614 1381 1653 fidei

342 1679 518 1730 proxima
547 1679 618 1718 fert
648 1679 866 1717 humanum
896 1678 936 1716 in
967 1686 1104 1729 pectus
1134 1680 1360 1729 templaque
1389 1680 1542 1718 mentis.

343 1746 412 1784 sed
442 1752 574 1783 tamen
604 1744 765 1783 effabor.
823 1743 938 1782 dictis
968 1744 1078 1782 dabit
1108 1745 1190 1794 ipsa
1220 1745 1339 1783 fidem
1370 1757 1428 1783 res

342 1811 501 1849 forsitan
532 1816 570 1848 et
598 1809 762 1859 graviter
792 1816 979 1848 terrarum
1009 1808 1184 1847 motibus
1212 1808 1306 1847 ortis
1609 1825 1668 1858 105

342 1874 475 1913 omnia
504 1874 757 1924 conquassari
788 1873 826 1911 in
857 1885 976 1923 parvo
1005 1880 1182 1923 tempore
1212 1886 1357 1913 cernes.

342 1941 451 1990 quod
480 1940 616 1989 procul
645 1952 667 1977 a
696 1939 811 1977 nobis
841 1939 971 1978 flectat
1001 1939 1156 1977 fortuna
1183 1938 1417 1989 gubernans,

342 2013 381 2045 et
410 2005 506 2043 ratio
536 2003 668 2055 potius
697 2016 816 2054 quam
847 2016 906 2043 res
938 2005 1172 2055 persuadeat
1202 2005 1285 2055 ipsa

342 2069 543 2109 succidere
572 2068 778 2108 horrisono
808 2082 924 2120 posse
954 2069 1088 2108 omnia
1118 2069 1219 2121 victa
1249 2070 1411 2119 fragore.

396 2155 429 2186 T
425 2152 469 2187 lze
486 2152 611 2186 world
624 2153 656 2186 is
675 2155 738 2185 nol
755 2152 950 2186 immersa!
961 2165 972 2185 .·
999 2152 1031 2185 it
1054 2152 1087 2185 is
1110 2151 1246 2196 lifeless
1269 2152 1349 2185 and
1367 2153 1576 2186 inanimale
1596 2153 1676 2186 and

342 2200 522 2244 therefore
544 2203 679 2233 cannot
702 2199 741 2233 be
765 2199 906 2242 divine,
926 2201 957 2232 it
982 2202 1081 2232 musl
1105 2208 1201 2232 come
1225 2203 1263 2233 lo
1285 2210 1335 2233 an
1357 2199 1438 2233 end.
1495 2200 1529 2232 T
1524 2198 1569 2233 lle
1591 2199 1676 2232 soul

342 2248 422 2281 and
433 2246 542 2280 mind
555 2250 691 2280 cannot
705 2247 802 2280 exist
817 2257 927 2291 aroay
931 2246 1042 2290 from
1060 2246 1121 2280 the
1137 2245 1238 2290 body,
1253 2246 1360 2280 muclz
1378 2257 1477 2280 more
1493 2246 1673 2291 therefore

343 2298 443 2328 must
459 2292 519 2327 tlte
536 2293 743 2326 inanimale
761 2293 885 2327 world
899 2294 937 2326 be
954 2294 1092 2327 morta!
1107 2294 1186 2327 and
1199 2297 1263 2327 nol
1279 2293 1416 2327 divine.

399 2357 490 2406 Qua
519 2355 624 2406 prius
653 2357 853 2406 aggrediar
882 2369 1000 2407 quam
1031 2358 1081 2396 de
1110 2370 1149 2395 re
1179 2356 1342 2395 fundere
1373 2357 1448 2395 fata
1610 2372 1672 2395 110

347 2421 517 2462 sanctius
548 2428 586 2460 et
616 2421 740 2459 multo
770 2429 873 2460 certa
904 2423 1054 2460 ratione
1085 2421 1206 2471 magis
1236 2433 1353 2471 quam

992 2490 1035 2526 16
