1827 2796
851 119 921 156 DE
956 117 1155 155 RERVM
1188 116 1420 153 NATVRA
1450 117 1486 152 V

205 224 423 269 Follorm'ng
446 225 486 257 in
513 223 573 257 tlte
588 224 770 269 soolsteps
796 227 831 268 (γ
859 223 1065 268 Epicurus,
1084 223 1104 255 J
1121 220 1207 256 will
1229 232 1314 255 now
1337 220 1488 265 explain

157 271 218 305 the
234 271 446 305 inexorable
464 270 560 305 laws
578 271 623 316 of
632 275 767 305 natm-e
790 271 869 305 and
889 271 948 304 (lle
966 270 1149 304 universe.
1201 270 1226 302 J
1237 268 1333 302 lmve
1348 268 1495 312 proved

158 318 217 352 llze
230 318 315 352 sou!
329 321 366 351 lo
384 318 421 351 be
439 318 588 360 marsal,
609 318 688 352 med
702 319 728 352 I
740 317 828 352 will
847 328 932 352 now
944 319 1063 361 prove
1080 316 1165 351 that
1179 315 1239 350 tlze
1257 315 1381 349 world
1391 314 1493 360 z’lsels

158 368 259 400 must
275 365 353 399 also
376 364 414 399 be
431 365 578 400 mortal.
629 366 654 399 J
670 366 756 400 will
776 364 934 399 describe
955 363 1014 398 tlte
1036 364 1196 398 creolz'on
1221 364 1267 407 of
1284 361 1343 397 slze
1370 362 1494 396 world

156 416 221 446 out
237 412 285 456 of
295 411 412 454 chaos,
437 411 498 447 tlte
522 413 686 446 crealz'on
710 413 757 458 of
772 423 859 446 man
885 412 965 445 ond
983 415 1178 453 creatores,
1198 410 1257 444 the
1274 409 1427 456 growtlz
1455 409 1500 454 of

156 460 400 504 superstition
418 460 498 494 (md
509 460 704 504 especially
719 458 779 494 llce
796 461 1020 493 movements
1038 459 1081 502 of
1099 457 1158 491 tlte
1175 457 1356 502 lzeavetzly
1373 456 1492 490 bodies

157 505 278 541 wlziclz
296 518 361 540 are
377 510 452 550 not,
467 518 510 541 as
526 518 609 541 men
614 508 746 552 fancy,
758 505 964 541 controlled
976 505 1020 550 by
1037 505 1097 539 the
1107 505 1213 550 gods,
1229 505 1310 538 and
1323 504 1365 549 by
1379 504 1494 548 doing

157 552 232 588 tltis
248 554 272 587 l
287 554 371 588 will
372 554 460 599 free
477 565 559 588 men
566 555 675 599 from
693 553 794 588 their
808 552 1027 598 unfoundm'
1039 553 1310 597 superstitious.

212 617 336 657 Cuius
366 630 439 668 ego
469 617 664 667 ingressus
694 618 856 668 vestigia
886 617 982 656 dum
1012 615 1182 655 rationes

158 695 372 734 persequor
399 695 445 721 ac
475 683 603 722 doceo
632 681 758 730 dictis,
791 695 871 733 quo
901 694 1082 733 quaeque
1111 688 1240 720 creata

158 748 318 788 foedere
347 747 435 796 sint,
468 747 507 786 in
539 761 586 787 eo
616 761 736 798 quam
767 747 815 787 sit
845 748 985 787 durare
1014 759 1222 786 necessum

160 827 233 852 nec
263 812 411 852 validas
442 814 598 852 valeant
627 814 713 852 aevi
743 814 968 852 rescindere
998 814 1114 863 leges,

160 891 239 928 quo
266 891 409 928 genere
437 878 478 916 in
507 878 641 929 primis
671 879 792 916 animi
823 886 961 917 natura
990 885 1142 928 reperta
1171 885 1230 916 est

161 944 293 982 nativo
322 943 493 993 primum
523 943 737 983 consistere
766 956 931 993 corpore
960 950 1065 982 creta

161 1021 234 1048 nec
263 1021 378 1058 posse
408 1008 616 1048 incolumis
646 1021 833 1059 magnum
864 1009 1004 1048 durare
1034 1020 1101 1058 per
1131 1021 1283 1055 aevum,

162 1074 231 1112 sed
260 1073 466 1113 simulacra
496 1076 622 1113 solere
652 1075 691 1112 in
721 1073 870 1112 somnis
900 1075 1032 1113 fallere
1063 1081 1249 1122 mentem,

161 1151 319 1178 cernere
349 1152 439 1177 cum
471 1139 674 1178 videamur
703 1153 793 1178 eum
824 1152 941 1189 quem
972 1139 1051 1177 vita
1082 1139 1251 1190 reliquit,

162 1204 270 1254 quod
300 1212 486 1254 superest,
520 1218 626 1243 nunc
656 1206 732 1243 huc
763 1204 926 1243 rationis
957 1206 1097 1244 detulit
1129 1206 1237 1251 ordo,

163 1277 204 1308 ut
234 1268 330 1308 mihi
362 1270 514 1309 mortali
543 1271 758 1309 consistere
787 1283 952 1320 corpore
982 1271 1176 1309 mundum

164 1336 419 1385 nativumque
449 1335 564 1374 simul
595 1336 691 1374 ratio
721 1336 928 1375 reddunda
958 1336 1005 1374 sit
1035 1348 1145 1383 esse:

164 1408 202 1439 et
231 1399 375 1450 quibus
405 1401 468 1440 ille
499 1401 628 1439 modis
658 1414 890 1451 congressus
921 1400 1093 1439 materiai

164 1465 336 1505 fundarit
366 1473 507 1504 terram
537 1467 690 1505 caelum
722 1479 827 1504 mare
857 1467 984 1505 sidera
1014 1467 1137 1505 solem

165 1532 351 1580 lunaique
380 1530 568 1581 globum3
607 1538 690 1569 tum
722 1544 823 1581 quae
853 1532 989 1570 tellure
1018 1532 1238 1570 animantes

166 1595 393 1643 exstiterint,
424 1602 463 1635 et
492 1608 594 1646 quae
625 1597 733 1635 nullo
763 1598 840 1635 sint
870 1604 1047 1647 tempore
1076 1604 1218 1644 natae:

165 1672 295 1712 quove
325 1661 446 1699 modo
474 1673 597 1710 genus
629 1661 847 1699 humanum
878 1660 1051 1700 variante
1081 1663 1237 1712 loquela

165 1725 338 1776 coeperit
368 1726 468 1764 inter
497 1739 538 1764 se
567 1725 671 1765 vesci
701 1738 769 1776 per
798 1726 961 1765 nomina
991 1740 1117 1765 rerum
1133 1742 1143 1776 3

167 1799 204 1830 et
234 1790 377 1842 quibus
407 1791 472 1830 ille
502 1791 630 1830 modis
661 1792 796 1830 divum
828 1799 956 1831 metus
987 1792 1190 1831 insinuarit

167 1863 336 1908 pectora,
371 1863 558 1895 terrarum
589 1856 656 1906 qui
686 1856 725 1894 in
756 1857 841 1895 orbi
872 1866 1007 1896 sancta
1035 1865 1165 1897 tuetur

167 1923 257 1962 fana
285 1925 392 1963 lacus
422 1925 532 1961 lucos
562 1935 646 1961 aras
676 1922 963 1973 simulacraque
993 1924 1138 1962 divum.

168 1996 368 2038 praeterea
396 1988 488 2028 solis
518 2001 654 2027 cursus
683 1990 879 2039 lunaeque
910 1997 1061 2028 meatus

168 2053 373 2103 expediam
404 2066 482 2104 qua
511 2054 547 2091 vi
577 2054 708 2092 flectat
738 2061 876 2093 natura
904 2055 1127 2104 gubernans
1143 2069 1152 2103 3

169 2131 219 2156 ne
249 2119 347 2157 forte
373 2119 470 2157 haec
500 2117 600 2156 inter
629 2119 782 2157 caelum
812 2126 1034 2169 terramque
1063 2132 1216 2158 reamur

168 2182 291 2221 libera
321 2189 462 2233 sponte
492 2195 562 2221 sua
591 2195 726 2221 cursus
756 2184 917 2222 lustrare
947 2184 1130 2234 perennis

170 2247 361 2299 morigera
390 2249 441 2288 ad
470 2249 598 2298 fruges
627 2249 827 2298 augendas
856 2255 976 2299 atque
1004 2249 1225 2297 animantis,

171 2326 269 2352 neve
298 2315 429 2364 aliqua
458 2314 594 2353 divum
624 2312 727 2352 volvi
757 2315 906 2353 ratione
936 2322 1129 2365 putemus.

171 2391 262 2416 nam
292 2378 396 2418 bene
425 2379 492 2429 qui
523 2378 698 2418 didicere
726 2381 823 2419 deos
853 2393 1033 2420 securum
1063 2393 1178 2432 agere
1207 2393 1358 2428 aevum,

171 2444 202 2481 si
232 2450 365 2482 tamen
395 2445 541 2484 interea
571 2444 758 2483 mirantur
788 2459 865 2495 qua
896 2445 1044 2484 ratione

810 2512 853 2550 15

1450 629 1490 663 55

1450 948 1493 981 60

1456 1615 1497 1646 70

1461 1941 1497 1973 75

1459 2259 1500 2289 80
