1827 2796
918 119 992 155 DE
1024 117 1226 155 RERVM
1259 117 1491 155 NATVRA
1522 117 1557 153 V

222 221 251 259 it
280 234 345 260 ver
374 227 412 259 et
442 223 590 268 Venus,
622 227 660 260 et
690 222 854 260 Veneris
884 222 1139 271 praenuntius
1168 227 1260 259 ante

221 293 416 336 pennatus
445 286 628 337 graditur,
659 286 826 337 Zephyri
854 286 1016 336 vestigia
1045 293 1203 336 propter

222 352 336 390 Flora
366 350 509 401 quibus
540 359 663 390 mater
692 365 971 403 praespargens
1001 359 1091 390 ante
1121 350 1195 390 viai

220 424 364 455 cuncta
392 415 590 456 coloribus
620 417 781 467 egregiis
811 423 849 455 et
879 416 1068 455 odoribus
1098 417 1243 466 opplet.
1495 428 1557 464 740

219 481 313 521 inde
341 480 418 520 loci
448 481 622 532 sequitur
651 483 756 520 calor
785 481 915 520 aridus
945 489 984 521 et
1013 494 1145 520 comes
1175 494 1254 519 una

219 547 490 595 pulverulenta
519 548 638 587 Ceres
667 545 740 598 (et)
768 546 889 585 etesia
918 547 1039 585 flabra
1068 547 1311 596 aquilonum.

219 612 312 650 inde
341 619 553 650 autumnus
582 612 675 658 adit,
706 611 879 661 graditur
909 611 1024 650 simul
1055 611 1207 649 Euhius
1239 612 1365 650 Euan.

218 675 311 715 inde
339 676 437 715 aliae
467 683 719 726 tempestates
750 676 936 726 ventique
966 683 1193 726 sequuntur,

216 740 428 780 altitonans
458 742 675 780 Volturnus
705 749 743 780 et
772 748 902 780 auster
931 741 1095 780 fulmine
1124 742 1289 791 pollens.
1495 754 1555 789 745

217 807 378 845 tandem
408 807 548 845 bruma
577 806 686 845 nives
715 807 840 845 adfert
870 806 1104 857 pigrumque
1134 805 1300 855 rigorem

216 871 345 911 reddit
374 870 539 921 hiemps,
572 871 746 922 sequitur
775 871 970 922 crepitans
1000 872 1102 909 hanc
1133 870 1318 909 dentibus
1348 872 1465 921 algor,

216 950 295 987 quo
326 936 455 975 minus
485 943 542 975 est
572 937 714 975 mirum
744 936 775 975 si
805 944 912 976 certo
941 943 1118 986 tempore
1148 937 1241 974 luna

216 1001 384 1052 gignitur
413 1009 451 1041 et
481 1009 588 1041 certo
617 1002 769 1041 deletur
797 1009 975 1052 tempore
1005 1014 1146 1047 rursus,

216 1080 307 1106 curn
337 1066 419 1106 fieri
448 1067 599 1117 possint
629 1074 709 1105 tam
739 1074 845 1106 certo
875 1074 1052 1117 tempore
1082 1067 1215 1105 multa.
1492 1079 1554 1114 750

263 1178 432 1222 Eclzssses
457 1178 501 1222 os
517 1178 577 1211 tlze
600 1189 670 1212 sun
697 1189 762 1212 are
787 1179 857 1212 due
886 1176 937 1220 (Ι)
969 1181 1006 1210 lo
1035 1178 1096 1212 the
1123 1188 1229 1211 mmm
1260 1189 1305 1211 ον
1330 1188 1427 1211 some
1453 1178 1558 1211 other

215 1225 390 1259 invisible
422 1225 512 1269 body
544 1225 793 1269 intercefiting
824 1224 885 1258 ἥτε
918 1224 1041 1270 lzglz&
1083 1223 1134 1267 (2)
1170 1227 1206 1258 to
1246 1224 1308 1258 the
1345 1227 1557 1269 temporam!

208 1274 370 1317 passage
387 1272 432 1317 os
441 1273 500 1306 the
516 1283 589 1306 sun
607 1272 770 1317 through
789 1272 853 1306 air
868 1271 951 1306 tlmt
968 1273 1001 1305 is
1017 1272 1148 1306 hostile
1169 1276 1207 1305 tc>
1233 1273 1282 1305 ils
1308 1272 1414 1317 leght.
1465 1272 1560 1308 And

214 1319 276 1354 the
292 1331 392 1352 same
409 1320 671 1364 explanatz'ons
688 1319 887 1364 lzoldgood
900 1319 1101 1363 oseclspSes
1118 1319 1232 1363 cfftlle
1249 1330 1366 1353 moon.

270 1393 370 1433 Solis
400 1393 493 1432 item
525 1407 684 1444 quoque
714 1395 890 1433 defectus
921 1395 1118 1444 lunaeque
1148 1394 1314 1432 latebras

215 1458 392 1509 pluribus
423 1472 443 1497 e
473 1459 599 1497 causis
630 1460 711 1498 fieri
741 1459 813 1497 tibi
842 1472 958 1509 posse
987 1460 1260 1508 putandumst.

215 1537 306 1562 nam
337 1537 405 1562 cur
433 1525 526 1563 luna
555 1531 673 1574 queat
703 1531 843 1563 terram
874 1524 1076 1562 secludere
1107 1523 1198 1562 solis

216 1588 365 1628 lumine
394 1596 432 1628 et
462 1603 484 1628 a
513 1589 622 1628 terris
653 1591 776 1628 altum
806 1597 924 1639 caput
954 1589 1156 1628 obstruere
1186 1589 1232 1635 ei,

215 1653 392 1693 obiciens
422 1667 584 1693 caecum
614 1654 731 1694 radiis
760 1654 990 1694 ardentibus
1020 1654 1185 1702 orbem‚·
1492 1667 1550 1702 755

214 1728 392 1770 tempore
421 1721 564 1759 eodem
595 1720 702 1760 aliud
732 1721 858 1759 facere
888 1721 928 1759 id
959 1733 1040 1758 non
1070 1732 1185 1771 posse
1216 1727 1375 1770 putetur

213 1798 354 1835 corpus
385 1787 493 1835 quod
524 1798 679 1824 cassum
710 1785 862 1824 labatur
891 1786 1041 1823 lumine
1071 1787 1257 1835 semper?

212 1852 350 1900 solque
380 1863 470 1890 suos
501 1852 617 1889 etiam
649 1850 845 1890 dimittere
874 1850 1082 1900 languidus
1112 1850 1211 1900 ignis

212 1923 390 1966 tempore
419 1929 487 1954 cur
517 1923 623 1955 certo
652 1923 822 1966 nequeat
852 1928 1104 1966 recreareque
1134 1917 1279 1963 lumen,

211 1993 302 2018 curn
332 1982 419 2019 loca
448 1980 645 2031 praeteriit
674 1982 843 2019 flammis
874 1982 1013 2020 infesta
1043 1994 1112 2031 per
1140 1994 1264 2027 auras,
1487 1987 1550 2027 760

213 2058 314 2095 quae
345 2044 491 2084 faciunt
521 2045 620 2096 ignis
650 2047 894 2095 interstingui
924 2054 1043 2096 atque
1073 2045 1227 2096 perire?

212 2118 251 2149 et
280 2123 348 2148 cur
378 2117 477 2149 terra
506 2118 624 2160 queat
654 2112 787 2149 lunam
818 2110 983 2160 spoliare
1012 2110 1182 2148 vicissim

211 2176 360 2213 lumine
390 2182 428 2213 et
458 2188 689 2225 oppressum
721 2176 844 2213 solem
875 2188 991 2225 super
1020 2175 1104 2225 ipsa
1133 2182 1276 2221 tenere,

214 2247 412 2278 menstrua
441 2240 535 2279 dum
567 2239 709 2290 rigidas
739 2241 829 2278 coni
860 2240 1073 2290 perlabitur
1103 2240 1288 2287 umbras3

213 2312 391 2354 tempore
420 2305 562 2343 eodem
593 2305 700 2343 aliud
730 2311 901 2354 nequeat
931 2317 1157 2343 succurrere
1188 2306 1303 2343 lunae
1487 2311 1547 2353 765

213 2382 354 2419 corpus
385 2370 445 2408 vel
476 2382 591 2420 supra
621 2369 712 2407 solis
742 2368 934 2419 perlabier
964 2369 1111 2416 orbem,

213 2435 321 2485 quod
352 2434 479 2474 radios
511 2436 765 2484 interrumpat
795 2436 1008 2484 lumenque
1038 2435 1271 2485 profusum?

856 2517 905 2554 39
